2122 3804
147 107 373 139 AGARICUS.
983 86 1078 135 341
1643 107 1914 138 nrrfloLomA.

141 1151 326 1200 2526.

144 2331 268 2378 252
279 2330 330 2377 ἲ.

145 3045 327 3097 2528.

356 223 668 288 mesthoopen,
700 222 898 287 gezellig.
934 223 1065 289 Sept.
1094 221 1199 273 Oct.
1229 223 1401 289 (Epier.
1430 240 1476 288 p.
1495 221 1615 286 2203
1646 225 1908 275 Rabenh.

390 343 403 360 .
432 307 546 359 466.

356 328 385 374 P
424 307 692 453 Wesdzmd,
728 410 770 441 ν.
788 391 835 441 d.
854 392 962 455 Tr.;
1002 393 1392 452 Zuid-Beveland‚
1420 411 1463 443 v.
1481 392 1527 443 d.
1548 393 1600 442 Β.
1628 392 1691 458 (v,
1710 412 1746 444 s,
1768 405 1810 443 et
1829 395 1910 460 ic.)

412 494 499 535 Obs.
543 495 672 547 Stipes
712 494 754 532 in
793 494 936 532 nostris
974 493 1080 546 pileo
1121 495 1328 534 manifeste
1355 507 1428 535 nec
1458 501 1614 534 tanturn
1645 496 1754 548 apice
1785 497 1909 549 palli-

354 566 465 608 dior:
499 565 678 606 habitum
707 565 854 617 optime
882 563 1013 603 reddit
1039 566 1191 615 Grev.
1223 566 1329 607 Seot.
1362 565 1448 606 tab.
1478 567 1574 608 328.

592 721 622 768 s
637 739 665 769 u
679 720 709 768 b
722 739 750 786 g
763 738 788 769 e
799 738 849 772 n.
918 725 1453 776 ammomum.

423 891 586 939 Velum
633 894 893 939 tenuissime
932 893 1199 938 cortinatum
1231 894 1420 956 margini
1455 893 1588 957 pilei,
1635 912 1730 944 raro
1764 900 1904 963 stipiti

355 976 604 1026 annulatim
639 976 897 1025 adhaerens,
967 975 1254 1025 Truneicolae
1289 985 1331 1025 et
1366 977 1604 1043 lignatileS.

353 1150 424 1198 A.
451 1148 900 1196 sublateritius
932 1145 1190 1194 Sehaeff.
1260 1146 1360 1194 Aan
1390 1148 1663 1197 vermolmde
1686 1157 1906 1201 stammen

353 1252 450 1283 enz.
481 1236 528 1279 in
553 1232 790 1287 bosschen‚
821 1230 1160 1279 zodevormend.
1196 1232 1334 1296 Aug.
1366 1232 1495 1298 Sept.
1517 1232 1687 1299 (Epicr.
1712 1254 1756 1300 p,
1778 1235 1870 1285 221
1890 1258 1904 1301 3

356 1318 424 1367 A.
463 1317 742 1364 lateritius?
777 1316 1047 1364 Rabenh.
1085 1333 1130 1380 p.
1166 1313 1303 1377 466.)

424 1403 574 1459 Lisse,
610 1401 700 1450 Dz.
736 1409 778 1448 et
812 1399 855 1448 M
870 1400 913 1448 b.
950 1403 1018 1461 (v.
1055 1402 1122 1461 v.)

408 1503 500 1544 Obs.
555 1502 730 1541 Notanda
770 1501 1081 1556 Synonymorum
1123 1504 1386 1542 controversia
1412 1502 1519 1556 apud
1546 1513 1724 1546 auctores
1753 1508 1907 1551 citatos.

355 1576 410 1616 Cl.
454 1574 815 1614 Rabenhorst
855 1588 998 1627 nempe
1040 1573 1308 1614 Batschii
1346 1577 1499 1615 iconem
1540 1578 1637 1616 citat
1668 1578 1754 1631 (fig.
1781 1581 1907 1633 195),

356 1662 473 1702 quam
513 1655 649 1686 auctor
691 1647 774 1698 ipse
812 1647 970 1686 nomine
1007 1647 1060 1685 A.
1095 1647 1273 1685 laterini
1299 1647 1350 1687 ΙΙ.
1378 1661 1418 1700 p.
1447 1649 1502 1689 30
1528 1650 1650 1702 probe
1684 1649 1910 1692 distinctam

357 1719 479 1758 habet
518 1733 540 1757 a
580 1718 602 1756 S
619 1718 752 1757 chae
769 1717 918 1757 fferi
957 1719 1009 1757 A.
1053 1719 1245 1756 lateritio
1283 1732 1325 1772 p.
1368 1722 1425 1758 22
1450 1720 1491 1759 in
1518 1719 1604 1761 lad.
1638 1729 1678 1760 et
1712 1721 1794 1763 tab.
1825 1725 1907 1775 49,

359 1804 554 1844 quamque
600 1790 655 1828 Cl.
702 1790 725 1827 F
740 1790 856 1829 ries
884 1788 933 1828 ad
962 1789 1024 1829 A.
1052 1791 1449 1834 crustuliniformem
1480 1792 1624 1845 (Epicr.
1652 1807 1691 1846 p.
1721 1794 1816 1847 180)
1857 1797 1910 1835 ci-

362 1871 446 1913 tat;
476 1862 573 1901 haec
599 1875 690 1900 vero
716 1862 887 1914 species,
917 1875 941 1900 a
970 1859 1084 1900 nobis
1109 1862 1340 1914 frequenter
1367 1861 1594 1914 observata,
1618 1865 1659 1903 in
1679 1864 1909 1919 Germania,

358 1935 495 1972 omissa
534 1934 720 1972 nimirum
760 1933 803 1972 in
844 1945 960 1985 opere
989 1931 1355 1984 Rabenhorstiano,
1384 1932 1647 1977 desideratur.
1705 1937 1911 1979 Praeterea

363 2019 450 2045 cum
480 2006 698 2044 Friesio
726 2018 874 2043 summa
901 2011 981 2043 stat
1008 2005 1271 2044 Personii
1304 2005 1530 2055 (Comment.
1560 2021 1599 2060 p.
1628 2007 1699 2060 91)
1734 2013 1911 2050 auctori-

362 2087 437 2117 tas.
478 2076 626 2129 Quibus
665 2077 893 2129 perpensis,
928 2076 1213 2129 expositionem
1257 2075 1379 2127 hujus
1417 2080 1564 2131 speciei
1602 2079 1643 2118 in
1681 2093 1798 2133 opere
1838 2082 1910 2122 illo

358 2162 557 2188 erroneam
585 2161 680 2195 esse,
706 2149 772 2187 vix
799 2147 964 2186 dubium
991 2146 1164 2187 videtur.
1193 2148 1329 2187 Nescio
1357 2157 1492 2188 autem
1519 2164 1639 2204 quare
1666 2151 1723 2191 Cl.
1751 2152 1778 2190 F
1792 2155 1876 2194 rie
1892 2169 1910 2194 s

358 2233 500 2259 nomen
526 2233 549 2258 a
579 2219 603 2257 S
621 2233 641 2258 e
657 2219 683 2257 h
698 2233 719 2258 a
736 2233 756 2257 e
773 2220 795 2257 f
805 2220 827 2258 f
842 2232 862 2258 e
876 2233 895 2258 1·
909 2231 931 2257 o
960 2220 1203 2272 propositum
1235 2220 1518 2260 immutaverit.

355 2330 428 2376 A.
456 2329 759 2376 elaeodes
793 2325 876 2374 Fr.
940 2325 999 2373 In
1042 2325 1260 2374 bosschen
1294 2344 1377 2374 aan
1411 2327 1526 2376 oude
1560 2326 1909 2392 boomtronken,

357 2412 696 2462 zodevormend.
757 2411 892 2460 Auct.
925 2410 1092 2477 (Epicr.
1127 2430 1174 2476 p.
1210 2409 1344 2472 122.)

425 2498 550 2546 Pileo
598 2513 780 2545 carnoso
830 2495 1109 2561 planiusculo
1157 2495 1486 2546 subumbonato
1537 2499 1671 2547 sicco
1715 2501 1908 2566 qlabro,

356 2600 488 2631 carne
538 2582 701 2639 lactea,
726 2584 894 2647 >stipite
926 2599 951 2630 e
984 2583 1119 2629 farcto
1154 2598 1261 2630 cavo
1292 2582 1466 2648 aequali
1495 2583 1709 2632 fibrilloso
1731 2588 1912 2652 ferru-

357 2669 675 2736 ginascente,
727 2666 918 2716 lamellis
978 2667 1150 2716 adnatis
1195 2667 1403 2715 confertis
1445 2667 1654 2716 tenuibus
1689 2688 1714 2719 e
1747 2673 1910 2722 viridi

354 2772 466 2820 pure
509 2754 734 2803 olivaeeis.
803 2752 926 2801 Odor
957 2770 1147 2801 amarae.
1199 2752 1342 2818 Stipes
1378 2752 1509 2818 vulgo
1537 2754 1711 2819 gracilis
1753 2759 1910 2808 incur-

355 2856 437 2887 vus
469 2838 587 2904 pileo
620 2854 744 2886 nunc
777 2838 989 2897 lateritio,
1015 2834 1147 2886 ‘nune
1179 2838 1377 2887 alutaceo
1410 2838 1627 2888 concolor.
1655 2839 1804 2906 Epier.
1826 2844 1857 2893 l.
1876 2845 1910 2895 l.

421 2922 621 2986 Leiden,
651 2923 737 2973 Dz.
771 2931 816 2972 et
850 2923 975 2986 Mb.;
1012 2923 1319 2983 Amsterdam,
1354 2924 1478 2972 Lac.
1513 2922 1578 2989 (v.
1615 2927 1680 2987 v.)

358 3045 429 3094 A.
457 3045 873 3095 fascicularls
909 3041 1078 3093 Huds.
1146 3042 1245 3092 Aan
1281 3043 1397 3092 oude
1421 3043 1800 3107 boomstammen,
1828 3067 1911 3114 pa-

357 3130 458 3191 len,
492 3148 618 3190 enz.,
652 3148 709 3181 en
742 3147 800 3197 op
833 3128 972 3180 onder
1004 3129 1093 3180 den
1127 3128 1267 3195 grond
1298 3129 1538 3196 verborgen
1572 3130 1906 3195 boomworteh,
