2122 3804
259 194 501 227 mamona.
1084 174 1182 222 360
1808 196 2009 229 nussum.

257 315 519 364 261512.
548 313 880 361 Subduleis
928 309 983 375 (Β
999 309 1120 373 ull.)
1161 310 1244 359 Fr.
1314 312 1370 358 In
1425 312 1745 375 boomgaarden
1796 333 1851 361 en
1902 315 2002 362 bos-

467 397 630 454 sehen,
677 414 732 461 op
779 398 944 459 grazige
982 394 1186 456 mosrijke
1226 395 1447 459 plaatsen‚
1484 397 1678 460 gezellig.
1733 397 1861 462 Sept.
1902 398 2004 446 Oct.

442 479 633 547 (Epier.
666 500 709 545 p.
746 479 867 540 3455
909 479 1159 543 Agarious
1193 480 1453 529 Rabenh.
1488 499 1532 544 p.
1567 479 1702 544 547.)

534 567 590 613 In
625 564 781 612 Herb.:
819 563 1009 621 Leiden,
1044 564 1132 612 Dz.
1169 575 1209 610 et
1242 563 1283 610 M
1297 565 1339 613 b.
1408 565 1682 612 Bovendien:
1720 565 2001 615 Zuid-Beve-

465 649 595 706 land,
634 667 672 695 v.
707 649 750 695 d.
788 648 837 696 Β.
873 650 937 708 (v.
973 666 1014 697 v.
1050 658 1093 695 et
1127 650 1203 708 ie.)

251 754 435 801 2616.
463 755 529 800 L.
557 752 936 799 obscuratus
972 749 1198 813 (Laseh)
1236 749 1315 797 Fr.
1384 750 1454 813 Op
1499 749 1660 814 gelijke
1704 749 1899 814 plaatsen
1935 751 1999 799 als

461 836 517 882 de
547 837 705 898 vorige.
741 835 872 881 Auet.
904 833 1068 897 (Epicr.
1104 852 1147 898 p.
1178 832 1303 894 3465
1342 834 1440 899 Ag.
1471 834 1722 881 subdulcis
1755 835 1799 882 b.
1828 835 1998 882 ohscu-

460 928 595 966 γαίας
631 918 886 966 Rabenh.
921 937 963 981 p.
1001 917 1134 982 547.)

528 1004 583 1050 In
622 1003 781 1051 Herb.:
817 1003 1007 1059 Leiden,
1047 1003 1136 1053 Dz.
1172 1012 1215 1050 et
1253 1001 1350 1051 Mb.
1385 1002 1447 1068 (v.
1482 1002 1546 1067 v.)

244 1106 435 1155 2612.
464 1106 540 1154 L.
570 1105 756 1154 rufus
798 1102 999 1168 (Scop.)
1045 1104 1125 1152 Fr.
1195 1104 1252 1151 In
1298 1104 1500 1152 dennen·
1546 1122 1600 1152 en
1649 1105 1992 1154 mastbossehen.

459 1189 589 1255 Sept.
625 1189 790 1254 (Epicr.
826 1208 871 1252 Ρ.
905 1187 1029 1248 3473
1070 1190 1321 1255 Agaricus
1356 1189 1614 1238 Rabenh.
1648 1207 1692 1254 p.
1728 1187 1859 1254 547.)

523 1275 579 1321 In
615 1274 773 1321 Herb.:
810 1274 917 1320 Huis
951 1274 1037 1320 den
1071 1274 1183 1337 Deijl
1213 1274 1271 1337 bij
1304 1274 1492 1332 Leiden,
1523 1274 1610 1321 Dz.
1646 1283 1688 1322 et
1718 1274 1815 1322 Mb.
1843 1273 1903 1339 (v.
1932 1274 1993 1339 v.)

759 1443 1117 1492 RUSSULA
1152 1440 1348 1506 (Pers.)
1383 1442 1465 1489 Fr.

521 1612 742 1660 Lamellae
778 1620 913 1658 trama
949 1612 1186 1658 vesiculosa
1222 1628 1327 1658 eum
1361 1612 1477 1674 pileo
1511 1611 1790 1658 cohaerentes
1827 1612 1989 1676 rigidae

451 1706 628 1756 acutae3
678 1712 829 1760 sporae
869 1695 1071 1760 globosae
1106 1696 1229 1742 albae
1265 1694 1332 1742 vel
1369 1696 1645 1742 latescentes.
1715 1695 1858 1760 Fungi
1892 1713 1990 1744 car·

451 1785 546 1829 nosi
581 1780 919 1846 rigido-fragiles
955 1789 1175 1828 terrestres
1212 1788 1507 1844 putrescentes
1537 1780 1653 1844 pileo
1681 1783 1886 1845 primitus
1914 1790 1988 1829 aut

447 1867 629 1916 demum
665 1865 881 1930 depresso,

234 2041 416 2090 2618.
444 2041 518 2086 R.
545 2038 869 2096 nigricans
904 2033 1098 2100 (Bull.)
1131 2035 1213 2082 Fr.
1283 2035 1340 2082 In
1376 2034 1609 2082 bossehen.
1646 2034 1778 2082 Auet.
1816 2032 1987 2100 (Epier.

447 2141 491 2188 Ρ.
527 2120 650 2182 3503
689 2120 946 2168 Rabenh.
981 2139 1026 2185 p.
1064 2118 1202 2184 452.)

512 2207 568 2254 In
603 2205 758 2253 Herb.:
794 2205 981 2262 Leiden,
1018 2204 1106 2252 Dz.
1143 2214 1186 2251 et
1223 2203 1264 2250 M
1280 2203 1323 2251 b.
1360 2202 1421 2267 (v.
1458 2202 1521 2267 v.)

233 2314 416 2363 2619.
443 2312 518 2359 R.
545 2311 797 2357 furcata
831 2306 983 2354 Pers.
1054 2306 1124 2370 Op
1164 2306 1258 2370 digt
1305 2304 1627 2352 beschaduwde
1671 2305 1890 2367 plaatsen‚
1937 2309 1983 2352 in

447 2395 679 2442 bossehen.
731 2393 867 2440 Auet.
900 2389 1066 2455 (Epier.
1099 2408 1146 2455 p.
1181 2388 1301 2450 3523
1339 2390 1600 2437 Rabenh.
1633 2407 1683 2454 p.
1718 2386 1853 2454 451.)

511 2479 568 2525 In
604 2477 757 2525 Herb.:
792 2475 982 2533 Leiden,
1018 2475 1104 2522 Dz.
1140 2484 1184 2522 et
1218 2474 1260 2522 Μ
1274 2475 1316 2522 b.
1353 2477 1417 2536 (v.
1455 2473 1516 2532 v.)

232 2584 414 2630 2620.
441 2583 515 2628 R.
543 2581 739 2628 rubra
774 2577 807 2624 F
820 2596 852 2624 r.
923 2577 992 2641 Op
1027 2576 1184 2641 gelijke
1215 2576 1410 2641 plaatsen
1441 2576 1504 2623 als
1536 2577 1590 2623 de
1621 2578 1812 2640 vorigen.
1849 2575 1983 2624 Auet.

442 2663 608 2729 (Epier.
643 2681 687 2728 p.
724 2661 846 2723 3543
885 2661 1145 2709 Rabenh.
1182 2680 1225 2725 p.
1264 2659 1396 2725 451.)

511 2749 568 2795 In
604 2747 760 2795 Herb.:
796 2747 1022 2804 Haarlem,
1058 2746 1142 2794 Dz.
1177 2755 1220 2793 et
1256 2745 1354 2794 Mb.
1387 2742 1449 2809 (v.
1486 2743 1549 2810 v.)

226 2857 412 2904 2621.
440 2855 515 2902 R.
544 2854 810 2900 Linnaei
844 2849 922 2896 Fr.
992 2849 1050 2896 In
1091 2848 1325 2895 bosschen.
1379 2846 1510 2911 Sept.
1553 2844 1719 2910 (Epier.
1766 2828 1811 2911 Ρ.
1844 2817 1982 2909 356.)

508 2936 649 2993 Mitis,
692 2932 808 2999 'pileo
854 2933 1053 2999 undique
1087 2949 1269 2980 carnoso
1300 2931 1663 2996 plano-depresso
1693 2930 1831 2996 polito
1865 2933 1979 2977 sicco

444 3020 618 3087 glabro,
664 3018 882 3085 margine
915 3027 1090 3083 patente
1124 3017 1280 3065 obtuso
1315 3017 1521 3074 exstrio,
1563 3033 1694 3064 earne
1726 3016 1980 3079 spongioso-

442 3115 664 3170 eompacta
699 3105 835 3161 alba,
871 3106 1018 3167 stipite
1051 3101 1449 3168 spongioso·solido
1488 3101 1621 3150 obeso
1653 3099 1867 3148 rivuloso
1902 3118 1979 3147 ru-

444 3191 550 3249 bro,
600 3190 786 3238 lamellis
838 3189 1036 3237 adnatis
1081 3186 1538 3236 subdecurrentihus
1580 3186 1874 3234 crassiuscuiis
1926 3205 1977 3232 ex
