2122 3804
300 185 543 217 pompeam.
1120 164 1217 212 368
1844 182 2046 213 unimus.

307 308 486 354 2651.

307 844 485 891 2652.

308 1198 490 1243 2653.

309 1549 491 1596 2654.

306 1986 487 2032 2655.

516 307 586 351 B.
616 305 946 362 piperatus
981 298 1138 346 Bull.
1208 298 1263 345 In
1293 297 1614 347 beschaduwde
1642 300 1779 349 zand-
1805 317 1861 348 en
1891 299 2049 348 heide-

517 387 728 452 gronden.
782 385 901 433 Aest.
941 383 1068 432 Auct.
1103 382 1272 448 (Epicr.
1307 401 1351 446 p.
1389 382 1512 444 4125
1549 382 1809 433 Rabenh.
1845 402 1888 449 p.
1924 381 2046 444 4415

514 471 710 519 Rostk.
748 469 836 516 tab.
872 465 940 531 6.)

583 556 639 601 In
675 553 834 600 Herb.:
870 550 1304 613 Noordwijkerhout,
1340 549 1428 598 Dz.
1464 558 1507 598 et
1542 549 1643 598 Mb.
1677 549 1741 615 (v.
1776 550 1839 614 v.)

638 700 678 739 b.
737 701 853 738 pileo
883 706 1123 750 tornantem,
1155 701 1311 737 tubulis
1341 699 1520 751 (stipiti)
1548 700 1731 739 adnatis.

515 844 581 888 B.
611 843 974 898 variegatus
1009 837 1092 884 Fr.
1163 837 1232 901 Op
1275 840 1444 901 grazige
1489 837 1688 902 plaatsen
1735 840 1781 884 in
1835 837 2052 885 bossehen

519 921 695 987 (mast-)
728 939 783 969 en
813 921 1136 969 besehaduwde
1166 920 1502 986 zandgronden,
1535 921 1733 986 gezellig.
1768 920 1891 969 Aest.
1921 921 2051 969 Auct.

520 1008 684 1071 (Epier.
720 1025 764 1070 p.
800 1005 919 1065 4135
955 1005 1216 1053 Rabenh.
1250 1023 1295 1069 p.
1331 1004 1454 1066 4405
1491 1005 1687 1054 Rostk.
1720 1005 1812 1055 tab.
1851 1003 1948 1070 16.)

587 1093 643 1138 In
678 1090 837 1138 Herb.:
871 1089 1308 1152 Noordwijkerhout,
1342 1089 1429 1138 Dz.
1463 1100 1505 1137 et
1541 1089 1643 1137 Mb.
1678 1088 1741 1154 (v.
1775 1089 1838 1150 v.)

519 1197 587 1241 B.
619 1195 957 1252 pruinatus
993 1191 1077 1237 Fr.
1146 1191 1203 1237 In
1243 1189 1459 1238 bosschen
1513 1206 1570 1254 op
1631 1193 1799 1254 grazige
1845 1189 2056 1254 plaatsen.

524 1278 653 1324 Auet.
700 1274 866 1339 (Epicr.
902 1293 946 1338 p.
981 1272 1101 1335 4145
1150 1273 1212 1322 Β.
1240 1289 1601 1339 purpurascem
1637 1275 1836 1324 Rostk.
1872 1275 1959 1323 tab.
1995 1272 2053 1335 85

520 1360 780 1408 Rabenh.
818 1378 860 1423 p.
895 1356 1028 1422 581.)
2063 1372 2068 1373 ’

588 1444 645 1490 In
685 1443 839 1491 Herb.:
875 1441 1043 1489 Leiden
1077 1440 1368 1506 (Poelgeest)‚
1403 1442 1490 1492 Dz.
1526 1451 1569 1490 et
1602 1442 1702 1490 Mb.
1738 1443 1801 1506 (v.
1836 1441 1900 1506 v.)

521 1547 589 1590 B.
621 1546 1079 1601 chrysanteron
1129 1543 1281 1589 Bull.
1381 1543 1451 1607 Op
1513 1541 1835 1591 beschaduwde
1891 1547 2058 1609 grazige

520 1627 847 1691 zandgronden.
881 1625 1013 1672 Auct.
1049 1624 1214 1689 (Epicr.
1244 1644 1288 1689 p.
1316 1624 1438 1686 4155
1474 1626 1535 1674 Β.
1565 1627 1828 1673 versicolor
1855 1628 2057 1676 Rostk.

521 1711 609 1759 tab.
648 1709 708 1756 10
744 1718 787 1757 et
821 1709 1202 1756 subtomentosus
1241 1709 1329 1757 tab.
1365 1708 1456 1771 233
1502 1710 1761 1758 Rabenh.
1794 1728 1838 1775 p.
1875 1709 2010 1775 580.)

583 1796 641 1842 In
677 1793 829 1842 Herb.:
883 1794 1133 1850 Leiden‚
1187 1794 1272 1843 Dz.
1314 1803 1356 1841 et
1392 1793 1494 1842 Mb.
1564 1795 1844 1844 Bovendien:
1897 1797 2057 1845 West-

516 1879 648 1936 land,
687 1897 729 1927 v.
767 1877 811 1924 d.
848 1877 929 1924 Tr.
966 1877 1028 1941 (v.
1066 1876 1128 1941 ν.)

515 1984 584 2028 Β.
613 1981 1124 2029 subtomentosus
1157 1978 1209 2027 L.
1277 1979 1334 2026 In
1387 1979 1715 2028 mastbossehen
1767 1998 1823 2027 en
1874 1998 1930 2045 op
1975 1982 2059 2030 be-

518 2063 783 2113 sehaduwde
816 2063 1144 2127 zandgronden.
1198 2065 1329 2112 Auet.
1361 2063 1527 2129 (Epicr.
1562 2082 1606 2129 p.
1639 2063 1761 2125 4155
1796 2064 2058 2114 Rabenh.

517 2169 561 2215 p.
597 2146 732 2212 440.)

584 2232 815 2288 Haarlem,
852 2230 938 2277 Dz.
975 2241 1018 2277 et
1056 2230 1097 2278 M
1114 2231 1158 2279 b.
1195 2230 1255 2295 (v.
1294 2231 1355 2295 ν.)

576 2330 664 2370 Obs.
717 2330 873 2383 Species
902 2338 981 2369 tres
1008 2330 1148 2369 ultimo
1177 2331 1261 2370 loco
1289 2340 1535 2372 enumeratas
1568 2346 1591 2372 a
1617 2332 1814 2386 plerisque
1832 2332 2058 2373 auctoribus

521 2402 715 2441 communi
742 2402 794 2439 B.
825 2401 1115 2439 subtomemosz·
1143 2402 1261 2440 titulo
1291 2401 1569 2454 comprehendi
1597 2411 1765 2442 testatur
1791 2402 1848 2443 Cl.
1875 2403 2059 2454 Fries,

519 2474 645 2511 varias
679 2484 698 2509 e
730 2472 923 2509 contrario
964 2471 1083 2522 hujus
1116 2473 1264 2524 speciei
1295 2473 1436 2511 formas
1464 2474 1573 2511 novis
1600 2473 1822 2512 nominibus
1851 2486 1875 2513 a
1903 2473 2061 2512 Rost-

518 2543 700 2582 kowio
728 2540 915 2593 depingi:
947 2541 1030 2582 tab.
1060 2546 1111 2580 12
1138 2541 1206 2593 (B.
1225 2541 1411 2596 flascas),
1439 2546 1493 2582 20
1522 2543 1787 2594 (eriophorus)
1805 2573 1817 2594 ,
1843 2547 1894 2583 21
1926 2544 2062 2595 (lana-

520 2612 630 2664 tus),
660 2614 714 2650 22
742 2611 976 2665 (pannosus)
995 2641 1007 2663 ,
1035 2615 1089 2652 25
1119 2613 1364 2664 (dentatus).
1417 2614 1552 2664 Patet,
1581 2623 1729 2667 quanta
1755 2615 1797 2654 in
1823 2614 2061 2654 observando

519 2682 675 2723 cautela
715 2695 811 2733 opus
853 2691 925 2722 est.
980 2683 1227 2723 Characteres
1267 2692 1399 2723 autem
1440 2683 1584 2737 quibus
1624 2699 1647 2724 a
1686 2686 1739 2724 B.
1768 2686 2062 2726 subtomentoso

519 2751 819 2805 distinguendus
860 2754 911 2793 B.
955 2755 1240 2805 chrysenteron
1259 2781 1271 2802 ,
1312 2754 1478 2794 docente
1518 2755 1606 2794 Viro
1649 2754 1732 2803 CL,
1775 2763 1889 2797 sunt:
1933 2755 2061 2808 pileus

518 2825 932 2876 floccoso—squamosus
975 2824 1062 2876 (nec
1105 2823 1558 2877 villoso-tomentosus),
1607 2839 1694 2865 caro
1739 2825 1850 2865 lutea
1886 2828 1929 2866 in
1970 2834 2061 2864 cute

520 2895 640 2935 rubra
669 2896 755 2945 (nec
784 2894 874 2934 alba
901 2895 963 2933 vel
993 2895 1144 2948 pallida
1180 2897 1223 2936 in
1250 2905 1342 2935 cute
1370 2910 1447 2935 non
1475 2895 1640 2948 rubra),
1667 2897 1790 2949 stipes
1814 2895 2061 2949 subaequalis

520 2966 845 3021 fibroso-striatue
886 2965 973 3016 (nee
1000 2966 1222 3020 inaequalis
1249 2966 1669 3006 subcustato-sulcatus
1699 2965 1772 3006 sub
1798 2966 1907 3005 lente
1933 2979 2062 3019 punc-

521 3034 848 3085 tato-scabridus)
892 3044 998 3084 etc..·,
1042 3038 1094 3077 B.
1130 3040 1359 3089 pruinatus
1397 3051 1487 3077 vero
1523 3052 1547 3076 a
1572 3039 1626 3078 B.
1653 3038 1943 3076 subtomentoso
1977 3035 2062 3075 dif-

524 3108 630 3147 fert:
676 3107 780 3158 pileo
822 3106 1246 3160 umbriae-pruinoso,
1299 3110 1434 3160 stipite
1476 3108 1580 3150 laevi
1606 3107 1773 3162 glabro,
1804 3105 1955 3147 tubulis
1984 3109 2061 3147 mi-

522 3179 628 3216 nutis
652 3176 800 3229 pallide
828 3176 942 3218 flavis
971 3177 1054 3230 (nee
1083 3179 1224 3232 amplis
1252 3179 1406 3232 luteis).
