<?xml version="1.0" encoding="UTF-8"?>
<!DOCTYPE html PUBLIC "-//W3C//DTD XHTML 1.0 Transitional//EN"
    "http://www.w3.org/TR/xhtml1/DTD/xhtml1-transitional.dtd">
<html xmlns="http://www.w3.org/1999/xhtml" xml:lang="en" lang="en">
 <head>
  <title>
</title>
<meta http-equiv="Content-Type" content="text/html;charset=utf-8" />
  <meta name='ocr-system' content='tesseract 3.04.00' />
  <meta name='ocr-capabilities' content='ocr_page ocr_carea ocr_par ocr_line ocrx_word'/>
</head>
<body>
  <div class='ocr_page' id='page_1' title='image "./prodromusfloraeb13bosc/prodromusfloraeb13bosc_0386.png"; bbox 0 0 2122 3804; ppageno 0'>
   <div class='ocr_carea' id='block_1_1' title="bbox 235 188 1980 247">
    <p class='ocr_par' dir='ltr' id='par_1_1' title="bbox 235 188 1980 247">
     <span class='ocr_line' id='line_1_1' title="bbox 235 188 1980 247; baseline 0.004 -8"><span class='ocrx_word' id='word_1_1' title='bbox 235 209 475 240; x_wconf 57' lang='lat' dir='ltr'><strong>Aeantem.</strong></span> <span class='ocrx_word' id='word_1_2' title='bbox 1059 188 1156 236; x_wconf 79' lang='grc'><strong>364</strong></span> <span class='ocrx_word' id='word_1_3' title='bbox 1726 215 1980 247; x_wconf 62' lang='lat' dir='ltr'><strong>musanus.</strong></span> 
     </span>
    </p>
   </div>
   <div class='ocr_carea' id='block_1_2' title="bbox 902 374 1299 434">
    <p class='ocr_par' dir='ltr' id='par_1_2' title="bbox 902 374 1299 434">
     <span class='ocr_line' id='line_1_2' title="bbox 902 374 1299 434; baseline 0.013 -15"><span class='ocrx_word' id='word_1_4' title='bbox 902 374 950 420; x_wconf 89' lang='grc' dir='ltr'><strong>Β.</strong></span> <span class='ocrx_word' id='word_1_5' title='bbox 1019 376 1299 434; x_wconf 75' lang='lat' dir='ltr'><strong>Mycena.</strong></span> 
     </span>
    </p>
   </div>
   <div class='ocr_carea' id='block_1_3' title="bbox 444 544 1979 690">
    <p class='ocr_par' dir='ltr' id='par_1_3' title="bbox 444 544 1979 690">
     <span class='ocr_line' id='line_1_3' title="bbox 511 544 1979 616; baseline 0.006 -26"><span class='ocrx_word' id='word_1_6' title='bbox 511 544 622 590; x_wconf 86' lang='lat' dir='ltr'><strong>Pilei</strong></span> <span class='ocrx_word' id='word_1_7' title='bbox 667 545 863 604; x_wconf 81' lang='lat' dir='ltr'>margine</span> <span class='ocrx_word' id='word_1_8' title='bbox 911 545 1105 604; x_wconf 79' lang='lat' dir='ltr'><strong>primum</strong></span> <span class='ocrx_word' id='word_1_9' title='bbox 1141 554 1279 601; x_wconf 76' lang='lat' dir='ltr'><strong>recto,</strong></span> <span class='ocrx_word' id='word_1_10' title='bbox 1316 548 1462 609; x_wconf 84' lang='lat' dir='ltr'>stipite</span> <span class='ocrx_word' id='word_1_11' title='bbox 1495 549 1677 594; x_wconf 74' lang='lat' dir='ltr'>insititio</span> <span class='ocrx_word' id='word_1_12' title='bbox 1713 549 1781 596; x_wconf 88' lang='lat' dir='ltr'><strong>vel</strong></span> <span class='ocrx_word' id='word_1_13' title='bbox 1817 568 1841 598; x_wconf 89' lang='lat' dir='ltr'><strong>e</strong></span> <span class='ocrx_word' id='word_1_14' title='bbox 1873 569 1979 616; x_wconf 81' lang='lat' dir='ltr'><strong>my·-</strong></span> 
     </span>
     <span class='ocr_line' id='line_1_4' title="bbox 444 627 1196 690; baseline 0 -15"><span class='ocrx_word' id='word_1_15' title='bbox 444 629 555 676; x_wconf 87' lang='lat' dir='ltr'><strong>celio</strong></span> <span class='ocrx_word' id='word_1_16' title='bbox 588 627 918 690; x_wconf 81' lang='lat' dir='ltr'><strong>rhizomorpheo</strong></span> <span class='ocrx_word' id='word_1_17' title='bbox 955 628 1196 690; x_wconf 77' lang='lat' dir='ltr'><strong>prodiente.</strong></span> 
     </span>
    </p>
   </div>
   <div class='ocr_carea' id='block_1_4' title="bbox 233 793 1988 2301">
    <p class='ocr_par' dir='ltr' id='par_1_4' title="bbox 233 793 1982 1031">
     <span class='ocr_line' id='line_1_5' title="bbox 233 793 1981 860; baseline 0.002 -13"><span class='ocrx_word' id='word_1_18' title='bbox 233 802 414 847; x_wconf 56' lang='lat'><strong>263².</strong></span> <span class='ocrx_word' id='word_1_19' title='bbox 444 801 514 845; x_wconf 79' lang='lat' dir='ltr'><strong>M.</strong></span> <span class='ocrx_word' id='word_1_20' title='bbox 545 797 955 846; x_wconf 76' lang='lat' dir='ltr'><strong>cautieinalis</strong></span> <span class='ocrx_word' id='word_1_21' title='bbox 1001 793 1176 860; x_wconf 88' lang='lat' dir='ltr'><strong>(Sow.)</strong></span> <span class='ocrx_word' id='word_1_22' title='bbox 1219 797 1335 845; x_wconf 55' lang='lat' dir='ltr'><strong>Fu?</strong></span> <span class='ocrx_word' id='word_1_23' title='bbox 1422 798 1477 844; x_wconf 89' lang='lat' dir='ltr'><strong>In</strong></span> <span class='ocrx_word' id='word_1_24' title='bbox 1531 816 1610 845; x_wconf 84' lang='lat' dir='ltr'><strong>een</strong></span> <span class='ocrx_word' id='word_1_25' title='bbox 1663 801 1848 848; x_wconf 73' lang='lat' dir='ltr'><strong>wefland</strong></span> <span class='ocrx_word' id='word_1_26' title='bbox 1899 820 1981 850; x_wconf 80' lang='lat' dir='ltr'><strong>aan</strong></span> 
     </span>
     <span class='ocr_line' id='line_1_6' title="bbox 448 880 1982 950; baseline 0.004 -22"><span class='ocrx_word' id='word_1_27' title='bbox 448 882 587 945; x_wconf 80' lang='lat' dir='ltr'><strong>takjes</strong></span> <span class='ocrx_word' id='word_1_28' title='bbox 640 899 694 928; x_wconf 89' lang='lat' dir='ltr'><strong>en</strong></span> <span class='ocrx_word' id='word_1_29' title='bbox 747 880 966 944; x_wconf 80' lang='lat' dir='ltr'><strong>steeltjes‚</strong></span> <span class='ocrx_word' id='word_1_30' title='bbox 1018 898 1221 928; x_wconf 80' lang='lat' dir='ltr'><strong>eenzaam</strong></span> <span class='ocrx_word' id='word_1_31' title='bbox 1273 899 1326 927; x_wconf 86' lang='lat' dir='ltr'><strong>en</strong></span> <span class='ocrx_word' id='word_1_32' title='bbox 1380 882 1577 946; x_wconf 68' lang='lat' dir='ltr'><strong>gezellig.</strong></span> <span class='ocrx_word' id='word_1_33' title='bbox 1643 883 1762 933; x_wconf 83' lang='lat' dir='ltr'><strong>Nov.</strong></span> <span class='ocrx_word' id='word_1_34' title='bbox 1815 883 1982 950; x_wconf 79' lang='lat' dir='ltr'><strong>(Epier.</strong></span> 
     </span>
     <span class='ocr_line' id='line_1_7' title="bbox 444 965 688 1031; baseline -0.004 -17"><span class='ocrx_word' id='word_1_35' title='bbox 444 986 487 1031; x_wconf 88' lang='lat' dir='ltr'><strong>p.</strong></span> <span class='ocrx_word' id='word_1_36' title='bbox 525 965 688 1029; x_wconf 63' lang='lat'><strong>38:35³)</strong></span> 
     </span>
    </p>

    <p class='ocr_par' dir='ltr' id='par_1_5' title="bbox 444 1049 1986 1370">
     <span class='ocr_line' id='line_1_8' title="bbox 512 1049 1984 1117; baseline 0.003 -21"><span class='ocrx_word' id='word_1_37' title='bbox 512 1051 634 1097; x_wconf 90' lang='lat' dir='ltr'><strong>Pileo</strong></span> <span class='ocrx_word' id='word_1_38' title='bbox 669 1049 896 1096; x_wconf 80' lang='lat' dir='ltr'>carnosulo</span> <span class='ocrx_word' id='word_1_39' title='bbox 931 1049 1457 1113; x_wconf 83' lang='lat' dir='ltr'><strong>campanulato-convexo</strong></span> <span class='ocrx_word' id='word_1_40' title='bbox 1486 1052 1641 1099; x_wconf 87' lang='lat' dir='ltr'>obtuso</span> <span class='ocrx_word' id='word_1_41' title='bbox 1665 1052 1864 1117; x_wconf 78' lang='lat' dir='ltr'><em>glabro,</em></span> <span class='ocrx_word' id='word_1_42' title='bbox 1895 1053 1984 1101; x_wconf 90' lang='lat' dir='ltr'><strong>udo</strong></span> 
     </span>
     <span class='ocr_line' id='line_1_9' title="bbox 444 1134 1986 1198; baseline 0.002 -15"><span class='ocrx_word' id='word_1_43' title='bbox 444 1136 499 1183; x_wconf 82' lang='lat' dir='ltr'><strong>ad</strong></span> <span class='ocrx_word' id='word_1_44' title='bbox 551 1134 748 1181; x_wconf 87' lang='lat' dir='ltr'><strong>medium</strong></span> <span class='ocrx_word' id='word_1_45' title='bbox 800 1138 972 1192; x_wconf 77' lang='lat' dir='ltr'>striato,</span> <span class='ocrx_word' id='word_1_46' title='bbox 1026 1138 1173 1198; x_wconf 84' lang='lat' dir='ltr'>stipite</span> <span class='ocrx_word' id='word_1_47' title='bbox 1220 1136 1354 1181; x_wconf 81' lang='lat' dir='ltr'>farcto</span> <span class='ocrx_word' id='word_1_48' title='bbox 1403 1137 1619 1184; x_wconf 75' lang='lat' dir='ltr'><strong>tenaeello</strong></span> <span class='ocrx_word' id='word_1_49' title='bbox 1659 1154 1838 1185; x_wconf 63' lang='lat' dir='ltr'><strong>sursum&gt;</strong></span> <span class='ocrx_word' id='word_1_50' title='bbox 1868 1147 1986 1193; x_wconf 74' lang='lat' dir='ltr'><strong>atte-</strong></span> 
     </span>
     <span class='ocr_line' id='line_1_10' title="bbox 446 1219 1984 1284; baseline 0.002 -17"><span class='ocrx_word' id='word_1_51' title='bbox 446 1229 580 1267; x_wconf 81' lang='lat' dir='ltr'>nuato</span> <span class='ocrx_word' id='word_1_52' title='bbox 625 1219 875 1284; x_wconf 77' lang='lat' dir='ltr'><strong>pilos-ello,</strong></span> <span class='ocrx_word' id='word_1_53' title='bbox 924 1219 1113 1266; x_wconf 79' lang='lat' dir='ltr'><strong>lamellis</strong></span> <span class='ocrx_word' id='word_1_54' title='bbox 1160 1223 1354 1283; x_wconf 78' lang='lat' dir='ltr'><strong>angustis</strong></span> <span class='ocrx_word' id='word_1_55' title='bbox 1385 1220 1650 1268; x_wconf 80' lang='lat' dir='ltr'>distantibus</span> <span class='ocrx_word' id='word_1_56' title='bbox 1683 1225 1868 1270; x_wconf 78' lang='lat' dir='ltr'>arcuatis</span> <span class='ocrx_word' id='word_1_57' title='bbox 1902 1223 1984 1271; x_wconf 83' lang='lat' dir='ltr'><strong>ad·</strong></span> 
     </span>
     <span class='ocr_line' id='line_1_11' title="bbox 447 1302 1820 1370; baseline 0.001 -18"><span class='ocrx_word' id='word_1_58' title='bbox 447 1304 907 1352; x_wconf 75' lang='lat' dir='ltr'><strong>nato-decurrentibus</strong></span> <span class='ocrx_word' id='word_1_59' title='bbox 942 1302 1037 1369; x_wconf 84' lang='lat' dir='ltr'><strong>(hie</strong></span> <span class='ocrx_word' id='word_1_60' title='bbox 1074 1304 1165 1350; x_wconf 80' lang='lat' dir='ltr'>illic</span> <span class='ocrx_word' id='word_1_61' title='bbox 1199 1305 1647 1370; x_wconf 75' lang='lat' dir='ltr'><strong>reticulato-venosis)</strong></span> <span class='ocrx_word' id='word_1_62' title='bbox 1682 1307 1820 1355; x_wconf 82' lang='lat' dir='ltr'><strong>flavis.</strong></span> 
     </span>
    </p>

    <p class='ocr_par' dir='ltr' id='par_1_6' title="bbox 452 1389 1985 1539">
     <span class='ocr_line' id='line_1_12' title="bbox 516 1389 1985 1452; baseline 0.002 -16"><span class='ocrx_word' id='word_1_63' title='bbox 516 1390 664 1436; x_wconf 86' lang='lat' dir='ltr'><strong>Pileus</strong></span> <span class='ocrx_word' id='word_1_64' title='bbox 697 1389 835 1435; x_wconf 81' lang='lat' dir='ltr'><strong>flavus</strong></span> <span class='ocrx_word' id='word_1_65' title='bbox 869 1389 988 1435; x_wconf 85' lang='lat' dir='ltr'><strong>disco</strong></span> <span class='ocrx_word' id='word_1_66' title='bbox 1022 1389 1265 1446; x_wconf 82' lang='lat' dir='ltr'><strong>rufescens,</strong></span> <span class='ocrx_word' id='word_1_67' title='bbox 1313 1393 1448 1452; x_wconf 81' lang='lat' dir='ltr'><strong>stipes</strong></span> <span class='ocrx_word' id='word_1_68' title='bbox 1483 1390 1575 1437; x_wconf 88' lang='lat' dir='ltr'>basi</span> <span class='ocrx_word' id='word_1_69' title='bbox 1620 1390 1803 1448; x_wconf 64' lang='lat' dir='ltr'>badim,</span> <span class='ocrx_word' id='word_1_70' title='bbox 1840 1391 1985 1439; x_wconf 84' lang='lat' dir='ltr'><strong>medio</strong></span> 
     </span>
     <span class='ocr_line' id='line_1_13' title="bbox 452 1473 1026 1539; baseline -0.005 -17"><span class='ocrx_word' id='word_1_71' title='bbox 452 1475 693 1539; x_wconf 80' lang='lat' dir='ltr'><strong>pallescens</strong></span> <span class='ocrx_word' id='word_1_72' title='bbox 728 1477 848 1537; x_wconf 78' lang='lat' dir='ltr'><strong>apice</strong></span> <span class='ocrx_word' id='word_1_73' title='bbox 885 1473 1026 1519; x_wconf 78' lang='lat' dir='ltr'><strong>albus.</strong></span> 
     </span>
    </p>

    <p class='ocr_par' dir='ltr' id='par_1_7' title="bbox 447 1556 1988 2301">
     <span class='ocr_line' id='line_1_14' title="bbox 520 1556 1987 1623; baseline 0.001 -18"><span class='ocrx_word' id='word_1_74' title='bbox 520 1560 768 1621; x_wconf 84' lang='lat' dir='ltr'><strong>Specimina</strong></span> <span class='ocrx_word' id='word_1_75' title='bbox 789 1568 931 1603; x_wconf 80' lang='lat' dir='ltr'>nostra</span> <span class='ocrx_word' id='word_1_76' title='bbox 949 1558 1003 1603; x_wconf 79' lang='lat' dir='ltr'><strong>ad</strong></span> <span class='ocrx_word' id='word_1_77' title='bbox 1023 1574 1218 1619; x_wconf 81' lang='lat' dir='ltr'><strong>unguem</strong></span> <span class='ocrx_word' id='word_1_78' title='bbox 1247 1561 1363 1603; x_wconf 86' lang='lat' dir='ltr'>iconi</span> <span class='ocrx_word' id='word_1_79' title='bbox 1395 1557 1694 1623; x_wconf 71' lang='lat' dir='ltr'><strong>Sowerbyi</strong></span> <span class='ocrx_word' id='word_1_80' title='bbox 1726 1557 1834 1622; x_wconf 74' lang='lat' dir='ltr'><strong>(tab.</strong></span> <span class='ocrx_word' id='word_1_81' title='bbox 1870 1556 1987 1620; x_wconf 88' lang='grc'>163)</span> 
     </span>
     <span class='ocr_line' id='line_1_15' title="bbox 454 1641 1988 1706; baseline 0.001 -17"><span class='ocrx_word' id='word_1_82' title='bbox 454 1646 750 1700; x_wconf 81' lang='lat' dir='ltr'><strong>conveniunt,</strong></span> <span class='ocrx_word' id='word_1_83' title='bbox 785 1659 918 1706; x_wconf 78' lang='lat' dir='ltr'>quam</span> <span class='ocrx_word' id='word_1_84' title='bbox 950 1642 1138 1687; x_wconf 81' lang='lat' dir='ltr'>infausto</span> <span class='ocrx_word' id='word_1_85' title='bbox 1171 1658 1271 1687; x_wconf 82' lang='lat' dir='ltr'>casu</span> <span class='ocrx_word' id='word_1_86' title='bbox 1301 1658 1402 1687; x_wconf 83' lang='lat' dir='ltr'><strong>cum</strong></span> <span class='ocrx_word' id='word_1_87' title='bbox 1434 1641 1655 1706; x_wconf 80' lang='lat' dir='ltr'><em>Agarico</em></span> <span class='ocrx_word' id='word_1_88' title='bbox 1692 1645 1988 1691; x_wconf 71' lang='lat' dir='ltr'><em>canticinali</em></span> 
     </span>
     <span class='ocr_line' id='line_1_16' title="bbox 450 1726 1984 1789; baseline 0.001 -15"><span class='ocrx_word' id='word_1_89' title='bbox 450 1728 604 1776; x_wconf 83' lang='lat' dir='ltr'><strong>Bull.</strong></span> <span class='ocrx_word' id='word_1_90' title='bbox 663 1730 804 1789; x_wconf 82' lang='lat' dir='ltr'><strong>specie</strong></span> <span class='ocrx_word' id='word_1_91' title='bbox 855 1726 1146 1772; x_wconf 78' lang='lat' dir='ltr'><strong>diversissima</strong></span> <span class='ocrx_word' id='word_1_92' title='bbox 1198 1726 1435 1772; x_wconf 78' lang='lat' dir='ltr'><strong>identicam</strong></span> <span class='ocrx_word' id='word_1_93' title='bbox 1496 1726 1652 1773; x_wconf 84' lang='lat' dir='ltr'>habuit</span> <span class='ocrx_word' id='word_1_94' title='bbox 1702 1727 1769 1774; x_wconf 87' lang='lat' dir='ltr'><strong>Cl.</strong></span> <span class='ocrx_word' id='word_1_95' title='bbox 1820 1738 1984 1776; x_wconf 83' lang='lat' dir='ltr'>auctor.</span> 
     </span>
     <span class='ocr_line' id='line_1_17' title="bbox 447 1810 1981 1876; baseline 0 -17"><span class='ocrx_word' id='word_1_96' title='bbox 447 1813 674 1876; x_wconf 78' lang='lat' dir='ltr'>Diagnosis</span> <span class='ocrx_word' id='word_1_97' title='bbox 703 1815 746 1858; x_wconf 87' lang='lat' dir='ltr'><strong>in</strong></span> <span class='ocrx_word' id='word_1_98' title='bbox 779 1812 961 1875; x_wconf 80' lang='lat' dir='ltr'><strong>Epicrisi</strong></span> <span class='ocrx_word' id='word_1_99' title='bbox 992 1812 1088 1857; x_wconf 80' lang='lat' dir='ltr'>data</span> <span class='ocrx_word' id='word_1_100' title='bbox 1115 1810 1296 1874; x_wconf 77' lang='lat' dir='ltr'>ambigit</span> <span class='ocrx_word' id='word_1_101' title='bbox 1327 1810 1440 1857; x_wconf 77' lang='lat' dir='ltr'><strong>inter</strong></span> <span class='ocrx_word' id='word_1_102' title='bbox 1470 1818 1668 1858; x_wconf 84' lang='lat' dir='ltr'><strong>nostrum</strong></span> <span class='ocrx_word' id='word_1_103' title='bbox 1699 1820 1740 1859; x_wconf 86' lang='lat' dir='ltr'><strong>et</strong></span> <span class='ocrx_word' id='word_1_104' title='bbox 1771 1813 1981 1876; x_wconf 78' lang='lat' dir='ltr'><strong>fungum,</strong></span> 
     </span>
     <span class='ocr_line' id='line_1_18' title="bbox 448 1896 1986 1961; baseline 0.002 -18"><span class='ocrx_word' id='word_1_105' title='bbox 448 1917 472 1944; x_wconf 83' lang='lat' dir='ltr'>a</span> <span class='ocrx_word' id='word_1_106' title='bbox 507 1897 606 1943; x_wconf 89' lang='lat' dir='ltr'>divo</span> <span class='ocrx_word' id='word_1_107' title='bbox 641 1897 849 1961; x_wconf 11' lang='lat' dir='ltr'>Swartrz</span> <span class='ocrx_word' id='word_1_108' title='bbox 896 1896 1185 1960; x_wconf 82' lang='lat' dir='ltr'><strong>descriptum,</strong></span> <span class='ocrx_word' id='word_1_109' title='bbox 1224 1899 1434 1959; x_wconf 83' lang='lat' dir='ltr'><strong>nuperius</strong></span> <span class='ocrx_word' id='word_1_110' title='bbox 1470 1915 1493 1942; x_wconf 81' lang='lat' dir='ltr'>a</span> <span class='ocrx_word' id='word_1_111' title='bbox 1530 1896 1597 1944; x_wconf 88' lang='lat' dir='ltr'><strong>Cl.</strong></span> <span class='ocrx_word' id='word_1_112' title='bbox 1631 1897 1797 1944; x_wconf 83' lang='lat' dir='ltr'><strong>Fries</strong></span> <span class='ocrx_word' id='word_1_113' title='bbox 1832 1897 1894 1949; x_wconf 52' lang='lat' dir='ltr'><strong>ad.</strong></span> <span class='ocrx_word' id='word_1_114' title='bbox 1921 1897 1986 1947; x_wconf 92' lang='lat' dir='ltr'><strong>A.</strong></span> 
     </span>
     <span class='ocr_line' id='line_1_19' title="bbox 449 1965 1986 2046; baseline 0 -17"><span class='ocrx_word' id='word_1_115' title='bbox 449 1982 684 2029; x_wconf 69' lang='lat' dir='ltr'><em>nudatum</em></span> <span class='ocrx_word' id='word_1_116' title='bbox 720 1965 880 2027; x_wconf 32' lang='lat' dir='ltr'><strong>Ber&#39;k.</strong></span> <span class='ocrx_word' id='word_1_117' title='bbox 916 1980 1043 2046; x_wconf 83' lang='lat' dir='ltr'>(Brit.</span> <span class='ocrx_word' id='word_1_118' title='bbox 1084 1980 1148 2027; x_wconf 83' lang='lat' dir='ltr'><strong>Fl.</strong></span> <span class='ocrx_word' id='word_1_119' title='bbox 1185 1980 1240 2029; x_wconf 90' lang='lat' dir='ltr'><strong>V.</strong></span> <span class='ocrx_word' id='word_1_120' title='bbox 1278 1999 1318 2042; x_wconf 92' lang='lat' dir='ltr'><strong>p.</strong></span> <span class='ocrx_word' id='word_1_121' title='bbox 1357 1979 1442 2045; x_wconf 87' lang='lat'><strong>51)</strong></span> <span class='ocrx_word' id='word_1_122' title='bbox 1478 1981 1679 2028; x_wconf 80' lang='lat' dir='ltr'><strong>relatum.</strong></span> <span class='ocrx_word' id='word_1_123' title='bbox 1752 1982 1880 2029; x_wconf 84' lang='lat' dir='ltr'>Hunc</span> <span class='ocrx_word' id='word_1_124' title='bbox 1908 2000 1986 2029; x_wconf 87' lang='lat' dir='ltr'><strong>ve-</strong></span> 
     </span>
     <span class='ocr_line' id='line_1_20' title="bbox 451 2065 1988 2131; baseline 0.001 -18"><span class='ocrx_word' id='word_1_125' title='bbox 451 2085 498 2113; x_wconf 84' lang='lat' dir='ltr'><strong>ro</strong></span> <span class='ocrx_word' id='word_1_126' title='bbox 545 2066 734 2114; x_wconf 87' lang='lat' dir='ltr'><strong>eundem</strong></span> <span class='ocrx_word' id='word_1_127' title='bbox 779 2083 870 2112; x_wconf 84' lang='lat' dir='ltr'><strong>esse</strong></span> <span class='ocrx_word' id='word_1_128' title='bbox 911 2083 960 2112; x_wconf 80' lang='lat' dir='ltr'><strong>ac</strong></span> <span class='ocrx_word' id='word_1_129' title='bbox 1004 2065 1069 2114; x_wconf 91' lang='lat' dir='ltr'><strong>A.</strong></span> <span class='ocrx_word' id='word_1_130' title='bbox 1107 2066 1455 2113; x_wconf 65' lang='lat' dir='ltr'><em>cautici‘nalem</em></span> <span class='ocrx_word' id='word_1_131' title='bbox 1488 2066 1618 2114; x_wconf 87' lang='lat' dir='ltr'><strong>Sow.</strong></span> <span class='ocrx_word' id='word_1_132' title='bbox 1650 2069 1862 2131; x_wconf 60' lang='lat' dir='ltr'><strong>suspicari</strong></span> <span class='ocrx_word' id='word_1_133' title='bbox 1895 2083 1988 2114; x_wconf 79' lang='lat' dir='ltr'><strong>non</strong></span> 
     </span>
     <span class='ocr_line' id='line_1_21' title="bbox 450 2151 1988 2216; baseline 0.001 -19"><span class='ocrx_word' id='word_1_134' title='bbox 450 2152 576 2208; x_wconf 81' lang='lat' dir='ltr'><strong>licet,</strong></span> <span class='ocrx_word' id='word_1_135' title='bbox 632 2161 729 2198; x_wconf 74' lang='lat' dir='ltr'><strong>tum</strong></span> <span class='ocrx_word' id='word_1_136' title='bbox 778 2155 986 2216; x_wconf 81' lang='lat' dir='ltr'>quoniam</span> <span class='ocrx_word' id='word_1_137' title='bbox 1041 2168 1172 2197; x_wconf 86' lang='lat' dir='ltr'>suum</span> <span class='ocrx_word' id='word_1_138' title='bbox 1218 2151 1534 2214; x_wconf 73' lang='lat' dir='ltr'><strong>indescriptum</strong></span> <span class='ocrx_word' id='word_1_139' title='bbox 1581 2151 1712 2199; x_wconf 85' lang='lat' dir='ltr'><strong>habet</strong></span> <span class='ocrx_word' id='word_1_140' title='bbox 1755 2152 1820 2199; x_wconf 82' lang='lat' dir='ltr'><strong>Cl.</strong></span> <span class='ocrx_word' id='word_1_141' title='bbox 1857 2153 1988 2199; x_wconf 86' lang='lat' dir='ltr'><strong>Ber-</strong></span> 
     </span>
     <span class='ocr_line' id='line_1_22' title="bbox 454 2236 1988 2301; baseline 0.001 -19"><span class='ocrx_word' id='word_1_142' title='bbox 454 2236 650 2301; x_wconf 80' lang='lat' dir='ltr'><strong>keley,</strong></span> <span class='ocrx_word' id='word_1_143' title='bbox 705 2246 798 2282; x_wconf 86' lang='lat' dir='ltr'><strong>tum</strong></span> <span class='ocrx_word' id='word_1_144' title='bbox 851 2239 1059 2300; x_wconf 84' lang='lat' dir='ltr'>quoniam</span> <span class='ocrx_word' id='word_1_145' title='bbox 1112 2244 1234 2281; x_wconf 80' lang='lat' dir='ltr'><strong>notas</strong></span> <span class='ocrx_word' id='word_1_146' title='bbox 1270 2239 1309 2282; x_wconf 87' lang='lat' dir='ltr'><strong>ei</strong></span> <span class='ocrx_word' id='word_1_147' title='bbox 1347 2236 1499 2283; x_wconf 74' lang='lat' dir='ltr'>tribuit</span> <span class='ocrx_word' id='word_1_148' title='bbox 1533 2254 1556 2282; x_wconf 81' lang='lat' dir='ltr'>a</span> <span class='ocrx_word' id='word_1_149' title='bbox 1590 2239 1734 2300; x_wconf 85' lang='lat' dir='ltr'><strong>specie</strong></span> <span class='ocrx_word' id='word_1_150' title='bbox 1768 2236 1841 2282; x_wconf 85' lang='lat' dir='ltr'>illa</span> <span class='ocrx_word' id='word_1_151' title='bbox 1879 2237 1988 2283; x_wconf 82' lang='lat' dir='ltr'><strong>alie-</strong></span> 
     </span>
    </p>
   </div>
   <div class='ocr_carea' id='block_1_5' title="bbox 452 2320 1987 2467">
    <p class='ocr_par' dir='ltr' id='par_1_8' title="bbox 452 2320 1987 2467">
     <span class='ocr_line' id='line_1_23' title="bbox 452 2320 1987 2383; baseline 0 -15"><span class='ocrx_word' id='word_1_152' title='bbox 452 2339 556 2375; x_wconf 81' lang='lat' dir='ltr'>nas,</span> <span class='ocrx_word' id='word_1_153' title='bbox 606 2339 646 2366; x_wconf 87' lang='lat' dir='ltr'><strong>v.</strong></span> <span class='ocrx_word' id='word_1_154' title='bbox 694 2339 734 2381; x_wconf 77' lang='lat' dir='ltr'><strong>g.</strong></span> <span class='ocrx_word' id='word_1_155' title='bbox 781 2320 949 2382; x_wconf 85' lang='lat' dir='ltr'><strong>pileum</strong></span> <span class='ocrx_word' id='word_1_156' title='bbox 996 2323 1280 2383; x_wconf 83' lang='lat' dir='ltr'><strong>pruinosum,</strong></span> <span class='ocrx_word' id='word_1_157' title='bbox 1322 2321 1547 2366; x_wconf 78' lang='lat' dir='ltr'><strong>cinereum</strong></span> <span class='ocrx_word' id='word_1_158' title='bbox 1585 2320 1652 2367; x_wconf 83' lang='lat' dir='ltr'><strong>vel</strong></span> <span class='ocrx_word' id='word_1_159' title='bbox 1688 2321 1887 2378; x_wconf 87' lang='lat' dir='ltr'><strong>fuscum,</strong></span> <span class='ocrx_word' id='word_1_160' title='bbox 1921 2321 1987 2368; x_wconf 88' lang='lat' dir='ltr'><strong>la-</strong></span> 
     </span>
     <span class='ocr_line' id='line_1_24' title="bbox 454 2403 1376 2467; baseline 0.002 -16"><span class='ocrx_word' id='word_1_161' title='bbox 454 2405 609 2452; x_wconf 82' lang='lat' dir='ltr'><strong>mellas</strong></span> <span class='ocrx_word' id='word_1_162' title='bbox 645 2404 846 2458; x_wconf 68' lang='lat' dir='ltr'><strong>aduenas,</strong></span> <span class='ocrx_word' id='word_1_163' title='bbox 883 2407 1076 2467; x_wconf 81' lang='lat' dir='ltr'><strong>stipitem</strong></span> <span class='ocrx_word' id='word_1_164' title='bbox 1112 2403 1376 2453; x_wconf 76' lang='lat' dir='ltr'><strong>fistulosum.</strong></span> 
     </span>
    </p>
   </div>
   <div class='ocr_carea' id='block_1_6' title="bbox 521 2487 911 2544">
    <p class='ocr_par' dir='ltr' id='par_1_9' title="bbox 521 2487 911 2544">
     <span class='ocr_line' id='line_1_25' title="bbox 521 2487 911 2544; baseline -0.003 -8"><span class='ocrx_word' id='word_1_165' title='bbox 521 2489 659 2544; x_wconf 89' lang='lat' dir='ltr'><strong>Goes,</strong></span> <span class='ocrx_word' id='word_1_166' title='bbox 699 2505 739 2534; x_wconf 83' lang='lat' dir='ltr'><strong>V.</strong></span> <span class='ocrx_word' id='word_1_167' title='bbox 776 2487 819 2535; x_wconf 90' lang='lat' dir='ltr'><strong>d.</strong></span> <span class='ocrx_word' id='word_1_168' title='bbox 861 2488 911 2535; x_wconf 90' lang='grc' dir='ltr'><strong>Β.</strong></span> 
     </span>
    </p>
   </div>
   <div class='ocr_carea' id='block_1_7' title="bbox 245 2587 1992 2979">
    <p class='ocr_par' dir='ltr' id='par_1_10' title="bbox 245 2587 1992 2979">
     <span class='ocr_line' id='line_1_26' title="bbox 245 2587 1988 2653; baseline -0.002 -11"><span class='ocrx_word' id='word_1_169' title='bbox 245 2596 427 2642; x_wconf 73' lang='grc'><strong>2638.</strong></span> <span class='ocrx_word' id='word_1_170' title='bbox 455 2595 525 2640; x_wconf 82' lang='grc' dir='ltr'><strong>Μ.</strong></span> <span class='ocrx_word' id='word_1_171' title='bbox 555 2592 982 2638; x_wconf 76' lang='lat' dir='ltr'><strong>androsaceus</strong></span> <span class='ocrx_word' id='word_1_172' title='bbox 1015 2587 1108 2653; x_wconf 88' lang='lat' dir='ltr'><strong>(L.)</strong></span> <span class='ocrx_word' id='word_1_173' title='bbox 1142 2589 1223 2638; x_wconf 81' lang='lat' dir='ltr'><strong>Fr.</strong></span> <span class='ocrx_word' id='word_1_174' title='bbox 1273 2589 1341 2652; x_wconf 89' lang='lat' dir='ltr'><strong>Op</strong></span> <span class='ocrx_word' id='word_1_175' title='bbox 1367 2588 1608 2653; x_wconf 79' lang='lat' dir='ltr'><strong>afgevallen</strong></span> <span class='ocrx_word' id='word_1_176' title='bbox 1638 2589 1844 2637; x_wconf 83' lang='lat' dir='ltr'><strong>bladeren</strong></span> <span class='ocrx_word' id='word_1_177' title='bbox 1870 2608 1988 2649; x_wconf 90' lang='lat' dir='ltr'><strong>enz.,</strong></span> 
     </span>
     <span class='ocr_line' id='line_1_27' title="bbox 458 2674 1992 2739; baseline 0.001 -16"><span class='ocrx_word' id='word_1_178' title='bbox 458 2681 504 2723; x_wconf 86' lang='lat' dir='ltr'><strong>in</strong></span> <span class='ocrx_word' id='word_1_179' title='bbox 551 2676 766 2723; x_wconf 84' lang='lat' dir='ltr'><strong>bosschen</strong></span> <span class='ocrx_word' id='word_1_180' title='bbox 812 2693 866 2722; x_wconf 90' lang='lat' dir='ltr'><strong>en</strong></span> <span class='ocrx_word' id='word_1_181' title='bbox 911 2692 968 2739; x_wconf 90' lang='lat' dir='ltr'><strong>op</strong></span> <span class='ocrx_word' id='word_1_182' title='bbox 1002 2674 1201 2738; x_wconf 80' lang='lat' dir='ltr'><strong>vochtige</strong></span> <span class='ocrx_word' id='word_1_183' title='bbox 1235 2674 1554 2721; x_wconf 85' lang='lat' dir='ltr'><strong>beschaduwde</strong></span> <span class='ocrx_word' id='word_1_184' title='bbox 1588 2675 1809 2739; x_wconf 82' lang='lat' dir='ltr'><strong>plaatsen,</strong></span> <span class='ocrx_word' id='word_1_185' title='bbox 1845 2675 1992 2739; x_wconf 56' lang='grc' dir='ltr'><strong>Επεὶ-τ</strong></span> 
     </span>
     <span class='ocr_line' id='line_1_28' title="bbox 455 2757 1842 2826; baseline 0.001 -17"><span class='ocrx_word' id='word_1_186' title='bbox 455 2762 530 2826; x_wconf 80' lang='lat' dir='ltr'><strong>lig.</strong></span> <span class='ocrx_word' id='word_1_187' title='bbox 585 2761 684 2807; x_wconf 77' lang='lat' dir='ltr'><strong>Ver.</strong></span> <span class='ocrx_word' id='word_1_188' title='bbox 721 2761 851 2807; x_wconf 85' lang='lat' dir='ltr'><strong>Auct.</strong></span> <span class='ocrx_word' id='word_1_189' title='bbox 887 2759 1053 2824; x_wconf 81' lang='lat' dir='ltr'><strong>(Epicr.</strong></span> <span class='ocrx_word' id='word_1_190' title='bbox 1091 2778 1132 2824; x_wconf 93' lang='lat' dir='ltr'><strong>p.</strong></span> <span class='ocrx_word' id='word_1_191' title='bbox 1171 2757 1293 2818; x_wconf 79' lang='lat'><strong>3853</strong></span> <span class='ocrx_word' id='word_1_192' title='bbox 1332 2759 1589 2807; x_wconf 83' lang='lat' dir='ltr'><strong>Rabenh.</strong></span> <span class='ocrx_word' id='word_1_193' title='bbox 1624 2778 1670 2823; x_wconf 86' lang='lat' dir='ltr'><strong>p.</strong></span> <span class='ocrx_word' id='word_1_194' title='bbox 1705 2757 1842 2824; x_wconf 88' lang='grc'><strong>530.)</strong></span> 
     </span>
     <span class='ocr_line' id='line_1_29' title="bbox 530 2843 1990 2909; baseline 0.001 -17"><span class='ocrx_word' id='word_1_195' title='bbox 530 2846 587 2892; x_wconf 87' lang='lat' dir='ltr'><strong>In</strong></span> <span class='ocrx_word' id='word_1_196' title='bbox 623 2845 781 2893; x_wconf 83' lang='lat' dir='ltr'><strong>Herh.:</strong></span> <span class='ocrx_word' id='word_1_197' title='bbox 818 2845 1007 2903; x_wconf 82' lang='lat' dir='ltr'><strong>Leiden,</strong></span> <span class='ocrx_word' id='word_1_198' title='bbox 1042 2844 1131 2893; x_wconf 89' lang='lat' dir='ltr'><strong>Dz.</strong></span> <span class='ocrx_word' id='word_1_199' title='bbox 1163 2853 1206 2892; x_wconf 83' lang='lat' dir='ltr'><strong>et</strong></span> <span class='ocrx_word' id='word_1_200' title='bbox 1240 2843 1341 2891; x_wconf 85' lang='lat' dir='ltr'><strong>Mb.</strong></span> <span class='ocrx_word' id='word_1_201' title='bbox 1377 2843 1438 2909; x_wconf 91' lang='lat' dir='ltr'><strong>(v.</strong></span> <span class='ocrx_word' id='word_1_202' title='bbox 1476 2843 1557 2908; x_wconf 72' lang='lat' dir='ltr'><strong>V.);</strong></span> <span class='ocrx_word' id='word_1_203' title='bbox 1602 2843 1990 2906; x_wconf 85' lang='lat' dir='ltr'><strong>Zuid·Beveland;</strong></span> 
     </span>
     <span class='ocr_line' id='line_1_30' title="bbox 461 2930 669 2979; baseline 0.005 -1"><span class='ocrx_word' id='word_1_204' title='bbox 461 2950 499 2978; x_wconf 83' lang='grc' dir='ltr'><strong>ν.</strong></span> <span class='ocrx_word' id='word_1_205' title='bbox 537 2930 581 2978; x_wconf 88' lang='lat' dir='ltr'><strong>d.</strong></span> <span class='ocrx_word' id='word_1_206' title='bbox 615 2930 669 2979; x_wconf 89' lang='grc' dir='ltr'><strong>Β.</strong></span> 
     </span>
    </p>
   </div>
   <div class='ocr_carea' id='block_1_8' title="bbox 252 3028 1991 3095">
    <p class='ocr_par' dir='ltr' id='par_1_11' title="bbox 252 3028 1991 3095">
     <span class='ocr_line' id='line_1_31' title="bbox 252 3028 1991 3095; baseline -0.005 -9"><span class='ocrx_word' id='word_1_207' title='bbox 252 3038 432 3086; x_wconf 72' lang='grc'><strong>2639.</strong></span> <span class='ocrx_word' id='word_1_208' title='bbox 460 3037 530 3082; x_wconf 81' lang='grc' dir='ltr'><strong>Μ.</strong></span> <span class='ocrx_word' id='word_1_209' title='bbox 561 3035 799 3081; x_wconf 73' lang='lat' dir='ltr'><strong>Rutula</strong></span> <span class='ocrx_word' id='word_1_210' title='bbox 833 3028 1034 3095; x_wconf 86' lang='lat' dir='ltr'><strong>(Scop.)</strong></span> <span class='ocrx_word' id='word_1_211' title='bbox 1069 3030 1148 3077; x_wconf 79' lang='lat' dir='ltr'><strong>Fr.</strong></span> <span class='ocrx_word' id='word_1_212' title='bbox 1218 3030 1298 3077; x_wconf 88' lang='lat' dir='ltr'><strong>Als</strong></span> <span class='ocrx_word' id='word_1_213' title='bbox 1334 3030 1388 3077; x_wconf 92' lang='lat' dir='ltr'><strong>de</strong></span> <span class='ocrx_word' id='word_1_214' title='bbox 1425 3034 1594 3094; x_wconf 62' lang='lat' dir='ltr'><strong>voffige,</strong></span> <span class='ocrx_word' id='word_1_215' title='bbox 1630 3029 1876 3078; x_wconf 85' lang='lat' dir='ltr'><strong>bovendien</strong></span> <span class='ocrx_word' id='word_1_216' title='bbox 1910 3047 1991 3078; x_wconf 82' lang='lat' dir='ltr'><strong>aan</strong></span> 
     </span>
    </p>
   </div>
   <div class='ocr_carea' id='block_1_9' title="bbox 461 3100 1991 3265">
    <p class='ocr_par' dir='ltr' id='par_1_12' title="bbox 461 3100 1991 3265">
     <span class='ocr_line' id='line_1_32' title="bbox 461 3100 1991 3180; baseline 0 -16"><span class='ocrx_word' id='word_1_217' title='bbox 461 3117 573 3164; x_wconf 82' lang='lat' dir='ltr'>dood</span> <span class='ocrx_word' id='word_1_218' title='bbox 621 3134 675 3162; x_wconf 86' lang='lat' dir='ltr'><strong>en</strong></span> <span class='ocrx_word' id='word_1_219' title='bbox 739 3114 910 3162; x_wconf 74' lang='lat' dir='ltr'><strong>rottend</strong></span> <span class='ocrx_word' id='word_1_220' title='bbox 974 3115 1107 3171; x_wconf 86' lang='lat' dir='ltr'><strong>hout,</strong></span> <span class='ocrx_word' id='word_1_221' title='bbox 1157 3100 1366 3179; x_wconf 38' lang='lat' dir='ltr'><strong>&#39;gezelliff</strong></span> <span class='ocrx_word' id='word_1_222' title='bbox 1449 3114 1574 3162; x_wconf 82' lang='lat' dir='ltr'><strong>Vere.</strong></span> <span class='ocrx_word' id='word_1_223' title='bbox 1647 3115 1777 3163; x_wconf 74' lang='lat' dir='ltr'><strong>Auct.</strong></span> <span class='ocrx_word' id='word_1_224' title='bbox 1825 3113 1991 3180; x_wconf 73' lang='lat' dir='ltr'><strong>(Epicr-</strong></span> 
     </span>
     <span class='ocr_line' id='line_1_33' title="bbox 462 3197 1210 3265; baseline -0.004 -17"><span class='ocrx_word' id='word_1_225' title='bbox 462 3220 504 3265; x_wconf 83' lang='lat' dir='ltr'><strong>p.</strong></span> <span class='ocrx_word' id='word_1_226' title='bbox 540 3199 664 3261; x_wconf 81' lang='lat'>3853</span> <span class='ocrx_word' id='word_1_227' title='bbox 701 3199 958 3247; x_wconf 81' lang='lat' dir='ltr'><strong>Rabenh.</strong></span> <span class='ocrx_word' id='word_1_228' title='bbox 995 3218 1038 3263; x_wconf 88' lang='lat' dir='ltr'><strong>p.</strong></span> <span class='ocrx_word' id='word_1_229' title='bbox 1075 3197 1210 3262; x_wconf 87' lang='lat'><strong>530.)</strong></span> 
     </span>
    </p>
   </div>
  </div>
 </body>
</html>
