2122 3804
107 125 332 156 AGARICUS.
931 104 1027 152 323
1702 127 1884 156 urcem.

231 292 275 330 D.
332 291 534 329 Lamellae
556 289 886 342 praecedentium
907 317 919 340 ‚
951 292 1084 343 stipes
1117 293 1251 330 siccus
1271 291 1453 343 ftaqz'lc‘s
1482 294 1764 333 subarrhz'zus.

108 448 292 498 2444.
319 451 391 496 Δ.
420 450 753 498 dissiliens
782 446 926 494 Bolt.
995 448 1050 495 In
1090 447 1308 496 bosschen
1349 467 1428 496 aan
1465 449 1581 496 oude
1618 448 1878 495 boomtron-

316 532 403 580 ken
449 551 504 580 en
541 549 597 596 op
633 531 720 579 den
756 532 896 597 grqnd
932 532 1141 580 tusschen
1177 533 1375 581 rottende
1411 532 1712 598 plantaardige
1747 550 1876 580 over-

318 617 539 680 blijfselen
574 616 912 665 zodevormend.
982 617 1113 682 Aug.
1155 617 1285 683 Sept.
1321 619 1489 683 (Epicr.
1524 636 1568 683 p.
1608 615 1740 680 108.)

387 701 690 765 Fragssfimus,
743 701 860 765 pileo
910 703 1400 766 eonieo-campanulato
1451 705 1650 766 margine
1695 700 1879 748 tandem

324 786 521 834 revoluto
555 787 610 834 ad
646 786 850 834 medium
887 786 1055 833 sulcato
1090 789 1439 847 cinereo-tusco,
1477 791 1590 834 cirea
1627 789 1875 850 marginem

321 870 565 928 albicante,
602 874 749 935 stipite
785 871 908 919 brevi
943 871 1243 919 subincurvo
1278 872 1508 919 striatulo
1541 874 1732 918 cinereo
1769 871 1878 917 basi

321 956 525 1022 strigoso
559 956 662 1003 fisso
697 956 852 1020 (simul
890 971 939 1003 ac
973 956 1167 1003 flectitur
1203 967 1246 1004 et
1282 959 1616 1021 comprimitur)
1652 966 1694 1002 et
1729 957 1785 1001 in
1805 955 1877 1001 la-

321 1042 485 1087 cinias
512 1041 755 1088 revolutas
788 1041 1059 1098 dissiliente,
1087 1042 1275 1088 lamellis
1307 1041 1560 1088 rotundatis
1597 1043 1743 1088 antico
1779 1040 1880 1086 latia

318 1126 466 1172 oribus
500 1125 712 1172 mollibus
748 1126 907 1173 albidis
944 1126 1038 1173 basi
1072 1130 1272 1174 cinereis.
1310 1126 1389 1174 Fr.
1429 1127 1457 1173 l.
1497 1126 1525 1175 l.

389 1210 619 1265 Haarlem,
656 1210 743 1256 Dz.
782 1219 823 1256 et
860 1210 902 1256 Μ
918 1210 960 1257 b.
997 1208 1058 1273 (V.
1096 1213 1162 1269 V.)

108 1297 295 1342 2445.
326 1296 397 1341 Α.
425 1296 917 1353 leptoeephalus
975 1295 1124 1341 Pers.
1197 1294 1267 1357 Op
1321 1295 1524 1358 vochtige
1579 1297 1747 1358 grazige
1800 1292 1882 1338 be-

321 1379 588 1428 schaduwde
641 1381 838 1443 plaatsen
886 1396 940 1426 en
986 1382 1031 1426 in
1071 1379 1286 1426 bosschen
1323 1396 1380 1444 op
1436 1379 1621 1436 takken,
1670 1377 1881 1425 bladeren

324 1483 445 1522 enz.‚
482 1482 703 1512 eenzaam.
778 1463 880 1512 Oct.
916 1464 1085 1528 (Epicr.
1123 1483 1166 1528 p.
1207 1462 1328 1526 1095
1367 1465 1628 1512 Rabenh.
1665 1482 1707 1528 p.
1745 1461 1882 1522 526.)

396 1550 454 1597 In
493 1550 653 1598 Herb.:
690 1549 889 1606 Leiden,
928 1551 1015 1597 Dz.
1052 1558 1094 1597 et
1130 1549 1172 1596 Μ
1189 1550 1231 1597 b.
1269 1553 1332 1610 (v.
1368 1553 1434 1611 v.)

383 1649 470 1689 Obs.
525 1649 646 1689 Odore
678 1650 874 1703 peculiari
907 1651 1004 1689 forti
1029 1651 1189 1688 nitroso
1217 1649 1311 1689 haec
1340 1659 1380 1689 et
1408 1664 1575 1704 sequens
1610 1653 1759 1704 species
1788 1664 1882 1703 prae

336 1723 502 1761 caeteris
528 1723 812 1774 insigniuntur.

114 1815 299 1861 2446.
328 1816 399 1860 Α.
443 1816 763 1862 alealinus
809 1812 890 1859 Fr.
928 1790 1060 1858 VAan
1111 1812 1200 1859 den
1247 1822 1343 1860 voet
1393 1830 1476 1859 van
1530 1812 1884 1859 boomstammen

325 1895 494 1957 (vooral
563 1900 610 1942 in
679 1896 1077 1944 dennenbossehen
1132 1897 1237 1957 Fr.)
1289 1897 1627 1946 zodevormend.
1714 1898 1882 1945 Jul.--

321 1981 440 2029 Nov.
476 1981 644 2045 (Epicr.
681 2000 723 2046 p.
764 1980 886 2044 109;
926 1982 1123 2030 Raben
1139 1983 1183 2031 h.
1218 2001 1263 2047 p.
1292 1981 1429 2043 525.)

388 2065 582 2123 Leiden,
621 2066 709 2113 Dz.
747 2076 790 2114 et
826 2066 924 2114 Mb.
961 2068 1025 2127 (v.
1064 2066 1124 2131 v.)

386 2167 474 2207 Obs.
504 2169 533 2205 A
564 2166 824 2219 praecedente
853 2166 990 2206 differt
1019 2169 1229 2220 inprimis:
1260 2168 1398 2220 stipite
1428 2168 1532 2207 laevi
1563 2167 1701 2220 glabro
1730 2166 1882 2205 lubrico

327 2237 415 2292 (qui
443 2240 484 2277 in
513 2239 583 2277 illo
612 2239 821 2278 striatulus
850 2252 996 2292 opacus
1023 2240 1196 2290 siccus),
1238 2232 1347 2291 pileo
1375 2239 1514 2292 glabro
1541 2239 1700 2292 aequali
1729 2238 1813 2291 (qui
1842 2240 1883 2277 in

333 2310 404 2348 illo
446 2311 654 2363 pruinosus
695 2310 915 2362 sulcatus),
968 2310 1140 2349 lamellis
1184 2310 1354 2364 denique
1393 2311 1549 2351 adnatis
1596 2312 1782 2364 (quaein
1810 2311 1881 2349 illo

338 2383 634 2433 emarginatae).

244 2539 286 2576 E.
335 2538 537 2576 Lamellae
558 2539 913 2590 praecedentium,
946 2541 1079 2591 stipes
1105 2541 1239 2578 siccus
1252 2540 1479 2589 filiformis
1490 2542 1711 2592 flaccidas.

115 2697 305 2746 2442.
335 2699 409 2743 A.
440 2698 667 2755 filopes
703 2697 855 2744 Bull.
913 2697 982 2760 Op
1029 2698 1116 2745 den
1165 2698 1305 2762 grond
1343 2702 1387 2745 in
1423 2699 1639 2747 bossehen
1685 2702 1883 2767 gezellig.

334 2778 435 2827 Oct.
472 2779 592 2827 Nov.
639 2779 803 2845 (Epicr.
842 2800 884 2845 p.
927 2780 1042 2843 1123
1080 2783 1342 2830 Rabenh.
1381 2803 1423 2847 p.
1459 2782 1594 2845 525.)

395 2864 586 2921 Leiden,
622 2866 705 2913 Dz.
738 2877 780 2913 et
808 2866 926 2927 Mb.;
961 2868 1355 2926 Zuid-Beveland‚
1386 2887 1425 2916 v.
1457 2869 1500 2917 d.
1534 2871 1582 2917 Β.
1602 2870 1723 2934 (vsv.
1744 2881 1785 2920 et
1806 2873 1882 2938 ie.)

104 2952 305 2999 2⁴:248.-
330 2953 401 2998 A.
431 2953 668 3000 debilis
700 2952 853 2998 Bull.
883 2953 1109 3000 Tusschen
1139 2971 1233 3000 mos
1265 2972 1344 3000 aan
1376 2955 1461 3002 den
1495 2966 1591 3003 voet
1622 2975 1703 3004 van
1724 2957 1887 3005 boom-

329 3046 547 3082 stammen
578 3054 633 3082 en
668 3053 724 3100 op
754 3037 839 3084 den
872 3038 1011 3102 grond
1047 3042 1092 3084 in
1125 3038 1340 3086 bosschen
1381 3058 1434 3087 en
1469 3058 1526 3105 op
1556 3042 1880 3094 beschaduwde

332 3122 551 3185 plaatsen‚
588 3112 784 3189 gezellig.
843 3123 973 3188 Sept.
1015 3121 1117 3172 Oct.
1155 3122 1323 3190 (Epier.
1355 3143 1397 3190 p.
1436 3124 1566 3192 112.)
