2122 3804
167 290 370 322 renzlzm.
994 270 1090 319 398
1722 288 1909 320 Pnnzle.

442 408 496 452 ln
534 407 693 456 Herb.:
730 406 954 469 Poelgeest
991 405 1036 454 b.
1072 404 1239 452 Leiden
1276 404 1500 469 (tusschen
1540 405 1785 484 Artemone
1820 424 1904 453 ne-

374 490 606 555 morosa),
643 492 730 539 Dz.
767 498 809 537 et:
848 489 886 536 M
902 489 949 539 b.
984 492 1050 549 (v.
1088 488 1151 552 v.)

167 609 348 658 2808.
376 611 442 657 Ρ.
470 611 780 667 brevipes.
848 607 946 655 Aan
982 606 1095 654 oude
1132 607 1465 666 elzentronken,
1501 608 1696 672 gezellig.
1736 606 1842 658 Oct.

453 693 973 748 Ochraceo-fuscescens,
1021 692 1182 756 cupula
1231 709 1408 739 carnosa
1445 696 1585 740 tenaci
1620 710 1644 740 e
1679 693 1905 757 pyriformi

380 778 662 841 cupuliformi
698 777 964 842 subobliquo
984 781 1178 840 margine
1198 777 1383 841 regulari
1404 775 1507 840 (sub
1530 776 1646 824 lente
1664 773 1908 840 crenulata)

380 873 504 909 extus
556 861 772 908 concolori
819 861 1224 925 ruguloso-scabra‚
1263 865 1409 924 stipite
1444 861 1565 908 brevi
1603 861 1807 908 deorsum
1843 869 1910 908 at·

380 954 556 993 tenuato
592 955 682 992 atro
707 945 825 993 haud
856 947 1085 993 manifeste
1116 944 1373 993 radiculoso.
1406 946 1496 992 Alt.
1529 943 1910 1002 0,006'—0,0l'.

445 1030 670 1094 Speciem,
706 1047 784 1093 pro
814 1029 875 1076 P.
908 1030 1179 1095 micropode
1210 1030 1358 1077 Pers.
1391 1028 1490 1095 (Fr.
1522 1029 1637 1094 Syst.
1669 1030 1735 1079 II.
1764 1049 1806 1094 p.
1826 1027 1912 1093 54)

380 1113 487 1160 olim
523 1114 886 1172 determinatam,
922 1131 1045 1161 nunc
1081 1131 1182 1161 vero
1216 1115 1272 1161 de
1308 1131 1419 1161 novo
1455 1118 1746 1162 examinatam
1781 1131 1913 1161 cum-

385 1214 473 1262 que
523 1200 712 1245 auctoris
765 1197 1053 1263 descriptione
1089 1207 1130 1246 et
1167 1201 1291 1245 icone
1325 1197 1469 1263 (Icon.
1506 1208 1549 1246 et
1583 1198 1718 1246 deser.
1755 1216 1799 1262 p.
1834 1196 1913 1245 30.

382 1281 469 1329 tab.
503 1279 548 1329 8.
584 1281 660 1346 fig.
691 1283 745 1343 5)
779 1292 1088 1345 comparatam,
1125 1282 1232 1329 adeo
1268 1282 1484 1331 diversam
1517 1285 1693 1340 inveni,
1726 1291 1775 1330 ut
1802 1299 1917 1330 novo

382 1369 560 1413 nomine
595 1366 719 1414 illam
753 1383 995 1430 proponere
1031 1366 1276 1414 debuerim.

452 1450 508 1497 In
545 1450 703 1499 Herb.:
741 1450 1123 1511 Zuid·Beveland,
1161 1469 1200 1497 v.
1235 1450 1279 1498 d.
1318 1451 1365 1498 B.

434 1638 479 1685 b.
536 1635 814 1684 Cochleatae
847 1634 1121 1701 (subsessiles
1157 1637 1361 1703 obliquae
1396 1637 1654 1701 subtortae).

175 1826 356 1876 2809.
385 1826 451 1873 Ρ.
478 1825 822 1872 reticulata
856 1822 1025 1870 Grev.
1063 1822 1132 1886 Op
1165 1840 1274 1881 run,
1310 1822 1386 1888 (op
1416 1823 1721 1888 humusrijken
1755 1823 1918 1872 bosch-

386 1906 559 1973 grond).
597 1907 723 1956 Vere.
761 1906 1040 1970 (Rabenh.
1077 1926 1120 1971 p.
1157 1905 1295 1971 375.)

454 1991 846 2054 Hondsbolredijk,
882 2009 924 2040 v.
961 1992 1007 2042 d.
1042 1992 1127 2041 Tr.
1163 1991 1226 2057 (v.
1265 1991 1329 2056 v.)

183 2114 362 2163 2810.
390 2114 456 2161 Ρ.
485 2113 717 2161 anellis
751 2109 907 2160 Pet-8.
980 2110 1049 2174 Op
1078 2110 1399 2158 beschaduwde
1428 2112 1595 2175 grazige
1625 2110 1844 2176 plaatsen,
1874 2115 1921 2158 in

389 2195 605 2243 bosschen
642 2213 737 2243 enz.
776 2195 903 2243 Vere.
935 2193 1039 2259 (Fr.
1077 2195 1193 2259 Syst.
1231 2195 1299 2244 II.
1335 2213 1381 2259 p.
1418 2193 1521 2260 43.)

463 2279 841 2328 Griseo-brunnea
889 2283 1081 2343 integra,
1133 2283 1279 2344 stipite
1327 2279 1614 2327 subtuberoso
1668 2280 1923 2326 brevissimo

396 2365 450 2412 ad
486 2365 676 2412 mediam
714 2381 854 2428 usque
883 2364 1095 2428 cupulam
1124 2364 1216 2411 basi
1245 2365 1507 2412 albicantem
1535 2373 1658 2412 extus
1692 2366 1923 2411 farinosam

393 2453 440 2495 in
475 2465 619 2496 ramos
654 2448 820 2504 diviso,
869 2451 1000 2494 ramis
1035 2447 1362 2512 divergentibus
1398 2448 1577 2496 tumidis
1613 2447 1758 2495 medio
1792 2465 1923 2494 cana-

395 2532 611 2589 liculatis‚
650 2532 819 2580 lacunis
855 2531 952 2580 latis
989 2533 1217 2596 profundis
1253 2536 1419 2597 rugosis
1448 2532 1575 2583 albis.
1607 2532 1746 2598 (Syst.
1776 2533 1807 2582 l.
1837 2530 1893 2596 l.)

465 2617 522 2664 In
556 2615 713 2665 Herb.:
747 2615 939 2674 Leiden,
975 2616 1068 2666 Dz.
1105 2625 1147 2665 et
1183 2616 1284 2667 Mb.
1319 2615 1383 2682 (v,
1418 2618 1485 2678 v.)

188 2737 367 2787 2811.
394 2738 461 2785 Ρ.
489 2737 823 2785 cochleata
859 2734 1032 2785 Huds.
1078 2735 1147 2800 Op
1182 2739 1349 2800 grazige
1386 2735 1580 2800 plaatsen
1612 2738 1658 2782 in
1693 2734 1927 2784 bosschen.

399 2819 534 2868 Auct.
569 2818 707 2884 (Syst.
740 2819 806 2868 II.
842 2837 888 2883 p.
925 2821 1013 2877 5ος
1051 2819 1311 2868 Rabenh.
1349 2838 1392 2885 p.
1427 2818 1567 2884 374.)

466 2904 523 2951 In
558 2903 718 2951 Herb.:
753 2903 941 2961 Leiden,
975 2903 1063 2951 Dz.
1100 2912 1143 2951 et
1178 2903 1282 2955 Mb.
1314 2901 1380 2968 (v.
1413 2906 1482 2965 v.)

192 3025 372 3074 2812.
398 3025 466 3071 Ρ.
493 3023 787 3071 alutaeea
819 3021 974 3071 Pers.
1045 3021 1103 3069 In
1143 3021 1357 3069 hosschen
1391 3038 1448 3087 op
1482 3021 1682 3087 vochtige
1715 3022 1929 3086 plaatsen.
1986 3007 1991 3016 „

405 3105 539 3154 Auct.
573 3104 853 3170 (Rabenh.
888 3124 933 3170 p.
970 3103 1089 3167 3733
1131 3106 1195 3157 P.
1233 3107 1474 3156 cochleam
1508 3115 1563 3164 β.
1589 3107 1673 3158 Fr.
1708 3105 1825 3173 Syst.
1861 3106 1930 3154 Π.

402 3207 450 3255 p.
485 3187 592 3250 50.)

477 3273 730 3332 Staalduin‚
766 3292 808 3324 v.
843 3274 891 3326 d.
926 3275 1008 3324 Tr.
1043 3277 1109 3336 (v.
1145 3277 1227 3336 ic.)
