2132 4017
75 3818 163 3984 JUL
82 3739 161 3772 J
82 3663 158 3705 7
79 3483 170 3636 1971

724 1294 1478 1372 PRAEFATIO.

349 1958 479 2007 Edita
514 1973 638 2006 nune
672 1956 809 2005 altera
845 1956 1113 2004 Prodi-omi
1151 1956 1326 2005 Florae
1364 1956 1586 2007 Batavae
1623 1968 1770 2025 parto,
1820 1979 1959 2026 pauca

252 2069 302 2110 ut
337 2079 596 2110 moneamus
630 2078 809 2110 neeesse
844 2069 909 2110 est
945 2059 1002 2109 de
1037 2054 1256 2114 ratione‚'
1291 2079 1380 2127 qua
1414 2066 1461 2110 in
1498 2082 1548 2112 ea
1581 2064 1858 2114 conficienda
1899 2069 1970 2114 usi

249 2183 419 2214 sumus.
470 2165 544 2213 Uti
572 2168 672 2231 jam
704 2169 752 2213 in
787 2164 1057 2229 praefatione
1090 2167 1259 2229 primae
1293 2169 1428 2230 partis
1458 2167 1633 2215 dictum
1662 2175 1752 2225 est,
1788 2168 1967 2233 plantae

249 2272 370 2335 ipsae
402 2287 427 2318 a
461 2268 688 2317 sodalibus
723 2269 953 2317 Societatis
988 2272 1036 2316 in
1072 2271 1202 2317 variis
1253 2273 1418 2336 patriae
1464 2272 1720 2337 regionibus
1754 2275 1967 2327 collectae

249 2382 293 2422 et
341 2378 390 2422 in
433 2373 639 2424 herbario
679 2381 962 2423 conservatae
1007 2377 1243 2440 praecipua
1301 2376 1438 2441 hujus
1485 2381 1630 2441 operis
1675 2380 1969 2433 fundamenta

247 2479 581 2545 praehuerunt5
628 2478 734 2528 dein
774 2495 886 2546 quas
931 2481 980 2527 in
1024 2479 1242 2528 herbariis
1282 2484 1473 2546 propriis
1514 2486 1746 2550 autopsz'd
1778 2504 1964 2554 compa-

250 2599 347 2630 rare
388 2581 516 2631 nobis
566 2581 727 2644 licuit3
782 2579 980 2647 denique
1029 2582 1368 2645 adnotationes,
1435 2604 1546 2653 quas
1598 2591 1854 2642 invenimus
1910 2596 1968 2646 de

245 2685 511 2752 hujusmodi
543 2685 708 2752 plantis
752 2685 875 2753 apud
919 2694 1122 2737 auctores
1166 2688 1395 2740 botanicos
1417 2731 1427 2750 ‚
1476 2698 1555 2758 qui
1593 2713 1673 2744 nos
1717 2713 1971 2761 praecesse-

248 2797 370 2839 runt.
448 2789 608 2855 Itaque
639 2790 793 2841 solitae
824 2792 1049 2843 inversam
1089 2798 1311 2845 rationem
1343 2801 1486 2847 secuti
1519 2816 1675 2849 sumus
1711 2798 1968 2854 adhibendo

249 2901 427 2943 tantum
453 2894 613 2945 ultimo
646 2897 744 2946 loco
767 2906 971 2948 veterum
1005 2899 1324 2951 observationis
1359 2907 1632 2955 testimonia.
1700 2907 1818 2957 Haec
1846 2914 1969 2960 enim

249 3001 401 3047 minus
437 2997 564 3066 digni
608 3003 883 3054 aestimanda
931 3013 1067 3066 sunt,
1113 3010 1222 3071 quia
1271 3007 1466 3058 botanici
1516 3015 1653 3059 nostri
1697 3030 1722 3060 a
1771 3010 1972 3066 erusso

249 3110 394 3170 usque
429 3101 486 3152 ad
519 3111 668 3156 nostra
702 3115 903 3175 tempora
938 3129 1031 3160 non
1075 3115 1163 3162 nisi
1207 3113 1365 3164 leviter
1405 3115 1578 3181 plantas
1617 3125 1967 3186 cryptogamicas

251 3211 465 3275 attingere
493 3208 709 3261 solebant.
777 3214 870 3263 Iste
901 3215 1063 3266 mod-us
1090 3218 1252 3285 agendi
1285 3219 1437 3270 multis
1473 3219 1623 3270 dubiis
1657 3231 1701 3272 et
1735 3227 1958 3276 erroribus

253 3329 405 3363 ansam
439 3311 563 3363 dedit
580 3333 595 3380 3
645 3332 753 3367 nam
788 3323 963 3386 saepius
991 3339 1084 3372 uno
1120 3324 1303 3374 nomine
1337 3323 1571 3374 collectivo
1610 3329 1749 3386 vari-as
1788 3328 1962 3396 plantas
