2142 3929
986 310 1057 342 VH

175 472 402 538 gamicum
434 467 655 535 negligere
687 466 975 525 videbantur,
1012 466 1152 516 donec
1181 469 1227 513 in
1262 466 1398 515 diario
1439 467 1729 535 Ty'dsclzrifl
1759 487 1874 519 0001·Ἰ

185 576 241 623 de
273 573 490 623 natuurl.
525 570 775 619 wetenscle.
809 570 1067 636 prodierunt
1102 570 1286 636 catalogi
1314 575 1458 619 >nostri
1494 590 1748 623 muscorum
1782 580 1874 640 agri

181 679 440 737 LeIdensis,
496 677 770 725 enumeratio
820 692 1078 725 muscorum
1129 675 1388 724 Zeelandiae
1432 694 1455 723 a
1504 675 1618 725 doct.
1663 695 1749 726 vax
1793 697 1876 728 nari

180 781 323 830 Boscu
368 789 412 828 et
463 782 736 828 enumeratio
782 796 1039 828 museorum
1086 788 1184 828 tum
1227 779 1734 831 Amstelaedamensium
1779 793 1877 833 tum

179 884 361 934 aliunde
400 902 425 933 a
461 883 577 932 doct.
617 899 700 932 vm
736 899 821 932 nnn
857 884 1003 933 Smne
1040 884 1234 933 Lscosri:
1268 894 1608 950 compertorum.
1696 887 1877 937 Abhinc

180 994 227 1038 in
257 988 351 1037 dies
385 991 569 1036 increvit
597 1005 810 1037 numerus
840 1004 1094 1037 muscorum
1124 989 1446 1055 indigenorum.
1518 989 1617 1037 Non
1644 1008 1766 1049 vero,
1793 997 1879 1040 nisi

179 1109 298 1142 anno
342 1093 479 1140 hocce
520 1095 677 1158 quinto
719 1100 817 1156 post
852 1095 1213 1140 constitutionem
1258 1092 1522 1141 Societcctz‘s
1547 1098 1879 1159 promovendo

178 1194 357 1241 Florae
404 1193 626 1242 Batavae
671 1194 858 1253 studio,
907 1194 1135 1244 Prodromi
1176 1198 1357 1242 initium
1398 1196 1538 1243 facere
1583 1200 1810 1261 potuimus
1855 1218 1880 1248 a

179 1294 487 1361 comparandis
533 1307 575 1345 et
622 1301 814 1346 examini
855 1298 1145 1365 subjiciendis
1198 1299 1405 1348 omnihus
1452 1316 1707 1347 muscorum
1743 1305 1881 1365 speci·

179 1402 376 1450 minibus
397 1438 408 1459 ,
446 1417 559 1465 quae
588 1399 758 1448 sodales
789 1400 1069 1465 collegerant.
1141 1401 1364 1449 Nimirum
1383 1420 1541 1468 magna
1560 1421 1713 1453 eorum
1731 1408 1880 1471 copia⁷

179 1523 232 1554 ex
265 1503 474 1552 omnibus
519 1507 610 1554 fere
651 1508 815 1571 patriae
853 1505 958 1553 locis
1006 1515 1047 1553 ct
1093 1510 1141 1553 in
1188 1507 1356 1556 diversa
1402 1507 1484 1556 soli
1535 1512 1679 1575 specie
1726 1511 1882 1560 collec-

180 1616 351 1667 torum,
400 1611 562 1656 certius
597 1609 817 1659 affirmare
851 1609 979 1658 nobis
1020 1609 1145 1658 licuit
1178 1610 1235 1659 de
1271 1612 1517 1678 frequentia
1548 1620 1590 1662 et
1624 1612 1782 1662 habitu
1818 1615 1883 1663 di-

177 1733 302 1765 verso
335 1719 584 1781 specierum
616 1716 950 1781 indigenarum,
995 1733 1129 1781 quam
1167 1726 1292 1764 antea
1329 1717 1425 1765 fieri
1456 1720 1682 1781 potuisset.
1754 1718 1883 1768 Prae·

178 1829 294 1868 terea
324 1821 597 1884 microseopii
622 1820 891 1885 perfectioris
919 1835 1051 1878 usus,
1089 1818 1403 1885 descriptiones
1432 1820 1712 1888 bryologicae
1740 1827 1880 1889 magis

177 1929 403 1970 accuratae
437 1929 480 1969 et
523 1921 727 1968 iconibus
770 1920 1043 1978 illustratae,
1097 1925 1392 1986 speciminum
1427 1924 1786 1974 authenticorum
1820 1927 1882 1975 fa·

176 2023 301 2070 cilior
333 2022 630 2085 comparatio,
665 2020 777 2068 haec
810 2024 958 2068 omnia
992 2021 1263 2080 effecerunt,
1305 2023 1427 2088 quod
1459 2042 1672 2074 numerus
1708 2042 1880 2075 musco·

175 2142 279 2174 rum
328 2124 643 2188 indigenarum
692 2131 791 2187 post
848 2122 1089 2171 editionem
1151 2124 1332 2172 Florae
1381 2125 1554 2192 Belgii
1606 2127 1736 2194 Sept.
1771 2121 1879 2177 ¹fere

175 2227 342 2294 duplex
375 2226 593 2285 evaserit,
628 2229 745 2274 inter
779 2243 890 2293 quos
919 2225 1033 2274 duae
1062 2230 1227 2292 specles
1262 2245 1439 2292 prorsus
1471 2247 1610 2278 novae
1638 2247 1743 2280 cum
1773 2248 1881 2279 non·

176 2333 314 2382 nullis
360 2332 674 2396 varietatibus5
729 2336 788 2381 ita
834 2341 883 2380 ut
929 2303 1062 2381 Flora¹
1094 2342 1241 2381 nostra
1274 2333 1529 2401 bryologica
1562 2353 1652 2384 non
1688 2336 1881 2401 amplius

177 2438 300 2485 omni
324 2438 565 2483 attentione
591 2432 899 2480 botanicorum
928 2433 1112 2498 indigna
1141 2434 1345 2483 habitura
1371 2439 1441 2484 sit.
1511 2437 1568 2484 In
1593 2436 1880 2502 dispositione

176 2546 325 2598 nostra
353 2537 545 2585 Bancn'u
575 2546 618 2585 et
646 2536 884 2584 Scmnreal
912 2535 1236 2603 Bryologiam
1262 2538 1598 2605 Eur-opaeum,
1634 2541 1781 2607 quoad
1809 2559 1881 2607 ge-

174 2662 281 2693 nera
308 2648 357 2691 in
383 2642 470 2690 hoc
498 2657 630 2706 opere
653 2642 749 2706 jam
780 2643 998 2703 exposita,
1028 2639 1332 2689 adhibuimus,
1382 2641 1534 2690 Genus
1568 2641 1877 2709 Sphagmcm,

177 2746 335 2794 saltem
365 2760 445 2809 pro
471 2743 705 2808 speciebus
734 2742 981 2808 indigenis,
1019 2746 1223 2791 revisioni
1253 2744 1528 2810 subjecimus
1548 2755 1589 2794 et
1610 2762 1714 2793 cum
1731 2751 1879 2811 specie

177 2849 342 2913 insigni
382 2845 763 2911 locupletavimus-

289 2948 543 2997 Muscorum
595 2950 906 3015 Hepaticarum
951 2947 1293 3001 elaborationem
1353 2958 1548 3019 suscepit
1600 2965 1643 3004 et
1696 2957 1878 3020 perfecit

178 3053 474 3101 amicissimus
521 3066 610 3098 vm
657 3068 741 3099 min
784 3052 930 3101 Smne
969 3053 1196 3113 Lacon-a,
1250 3057 1328 3120 qui
1364 3072 1436 3104 eos
1471 3056 1718 3106 secundum
1764 3074 1878 3123 opus

175 3156 476 3204 recentissime
526 3153 699 3204 editum
741 3173 766 3205 a
813 3159 915 3204 viris
959 3157 1124 3208 clariss·
1173 3158 1433 3218 Gorrscue,
1500 3161 1616 3210 Neris
1669 3171 1711 3212 et
1763 3163 1878 3212 Lm-

175 3274 369 3307 narrrne
405 3258 635 3326 disposuit.
718 3261 957 3328 Diagnoses
1007 3280 1264 3314 muscorum
1307 3265 1615 3317 frondosorum
1656 3276 1698 3318 et
1733 3269 1876 3333 hepa-
