2122 3804
134 208 312 240 Pssmzm.
969 193 1061 241 401
1746 212 1907 244 PEZIZA.

134 331 414 379 282212.
447 331 660 379 setosa
701 330 760 380 N.
811 328 878 377 ab
925 328 1009 375 Es.
1081 327 1179 376 Aan
1232 326 1346 375 oude
1396 327 1723 377 elzentronken.
1778 330 1898 379 Nov.

350 414 489 479 (Syst.
526 415 593 461 II.
630 433 675 478 p.
713 412 803 474 873
842 413 1103 462 Rabenh.
1139 432 1183 477 p.
1221 412 1355 475 363.)

420 499 478 546 In
516 499 675 548 lierb.:
713 498 1103 555 Zuid-Beveland,
1143 516 1181 544 V.
1217 498 1261 544 d.
1300 499 1349 544 Β.
1384 497 1444 561 (v,
1482 515 1515 543 s.
1554 506 1595 543 et
1633 497 1706 561 ie.)

136 601 318 647 2828.
347 603 414 647 P.
444 603 760 659 papillata
795 600 950 647 Pers,
1023 600 1093 662 Op
1123 599 1236 646 oude
1261 599 1472 648 koemest.
1510 601 1639 647 Auct.
1673 599 1808 665 (Syst.
1831 601 1895 649 II.

350 703 395 749 p.
431 683 530 744 883
562 685 833 732 Ascoholus
868 684 1119 732 Rabenh.
1155 703 1198 748 p.
1235 682 1369 747 341.)

419 770 477 817 In
515 771 672 818 Herb.:
710 771 902 829 Leiden‚
939 770 1026 816 Dz.
1064 779 1106 817 et
1142 770 1182 816 Μ
1198 769 1242 818 b.
1275 768 1338 834 (v,
1376 773 1439 830 v.)

404 870 492 910 obs.
520 872 708 909 Ascoboli
735 872 894 924 generis
917 870 1122 909 character
1150 871 1184 909 si
1211 884 1286 908 non
1316 869 1429 909 modo
1453 872 1494 909 in
1519 872 1617 910 ascis
1642 873 1903 924 praemagnis,

354 941 423 982 sed.
463 951 668 994 praeterea
708 944 749 980 in
791 941 896 981 disco
938 941 1175 994 pulvinat0‚
1218 942 1360 995 cupuli.
1397 943 1611 995 marginem
1644 943 1727 980 sere
1763 942 1903 982 exclu-

354 1011 501 1062 dente,
545 1013 703 1065 punctis
744 1014 840 1052 atris
870 1012 919 1051 ab
947 1014 1043 1051 ascis
1070 1013 1261 1066 protrusis
1291 1021 1425 1051 notato
1453 1022 1560 1052 recte
1588 1015 1777 1065 ponitur,
1808 1028 1903 1066 spe-

357 1097 435 1122 cles
476 1082 600 1135 haec,
642 1084 740 1123 licet
778 1083 828 1122 ad
868 1083 1077 1122 Ascobolos
1118 1083 1301 1122 accedere
1352 1083 1555 1123 fatendum
1596 1087 1676 1135 sit,
1722 1084 1907 1137 Sphaeria

358 1153 471 1193 nobis
499 1163 572 1193 est.

368 1328 412 1374 b.
468 1327 817 1395 Dasyscypkae
852 1328 1072 1395 (ceraceae
1106 1330 1252 1378 aridae
1292 1340 1417 1377 extus
1453 1328 1671 1393 villosae.)

841 1519 867 1544 *
903 1516 1231 1582 Substipitatae.

150 1708 333 1756 2829.
362 1708 437 1753 P.
470 1708 760 1764 virginea
794 1703 1027 1752 Batseh.
1099 1704 1169 1769 Op
1203 1704 1279 1751 het
1314 1704 1448 1760 hout,
1485 1704 1541 1752 de
1577 1704 1717 1752 doode
1752 1705 1912 1752 takken

360 1809 418 1840 en
453 1791 668 1839 vruchten
704 1807 787 1838 van
824 1790 1028 1845 beuken,
1063 1790 1213 1849 elzen,
1248 1808 1347 1840 enz.
1385 1790 1511 1838 Vere.
1551 1789 1653 1838 Oct.
1688 1789 1825 1856 (Syst.
1847 1791 1910 1839 H.

361 1895 404 1942 p.
441 1874 534 1937 903
573 1877 833 1925 Rabenh.
867 1894 911 1941 p.
946 1873 1081 1939 363.)

431 1963 488 2009 In
525 1962 686 2010 Herb.:
722 1961 916 2021 Leiden,
952 1961 1040 2009 Dz.
1076 1970 1117 2008 et
1154 1960 1278 2022 Mb.;
1318 1960 1703 2017 Zuid-Beveland,
1735 1979 1775 2007 v.
1795 1961 1838 2009 d.
1859 1961 1911 2011 Β.

363 2045 426 2111 (v.
460 2066 501 2095 v.
537 2057 580 2095 et
614 2045 699 2112 ic.)

149 2153 332 2199 283⁰.
360 2154 428 2198 P.
456 2154 647 2198 nivea
682 2149 766 2199 Fr.
835 2148 935 2197 Aan
971 2149 1138 2214 takjes,
1175 2149 1289 2196 hout
1317 2167 1412 2196 enz.
1446 2151 1493 2195 in
1523 2148 1741 2195 bosschen
1770 2167 1825 2196 en
1858 2167 1914 2213 op

361 2234 686 2284 beschaduwde
733 2236 943 2301 plaalsen.
992 2236 1114 2301 Apr.
1160 2234 1296 2299 (Syst.
1333 2235 1398 2282 Π.
1445 2252 1490 2299 p.
1526 2232 1614 2295 903
1649 2234 1913 2284 Rabenh.

360 2338 405 2384 p.
440 2319 577 2385 362.)

433 2406 492 2454 In
529 2406 689 2454 Her-b.:
724 2405 918 2464 Leiden,
954 2404 1046 2453 Dz.
1078 2415 1121 2452 et
1152 2403 1194 2452 M
1208 2404 1277 2465 b.;
1316 2404 1700 2462 Zuid-Beveland,
1738 2424 1775 2453 v,
1794 2406 1836 2452 d.
1859 2406 1910 2455 Β.

364 2490 426 2556 (v.
462 2509 504 2539 v.
537 2501 581 2538 et
616 2491 694 2556 ic.)

152 2596 335 2643 2831.
364 2597 434 2641 Ρ.
461 2596 712 2642 bicolor
744 2592 899 2640 Bull.
969 2593 1068 2640 Aan
1105 2591 1245 2639 doode
1283 2591 1442 2639 tak.ken
1476 2610 1557 2639 van
1589 2592 1742 2649 eiken,
1774 2591 1914 2658 (weg-

363 2678 500 2726 doorn
553 2680 674 2739 enz.)
725 2677 852 2726 Vere.
903 2678 1037 2727 Auct.
1100 2677 1240 2742 (Syst.
1294 2678 1359 2724 ll.
1409 2695 1452 2741 p.
1504 2676 1598 2739 923
1651 2678 1914 2726 Rabenh.

362 2783 405 2829 p.
441 2762 578 2828 362.)

434 2849 490 2896 In
528 2849 687 2896 Herb.:
726 2848 917 2906 Lefflen,
959 2848 1043 2896 Dz.
1080 2858 1122 2895 et
1160 2847 1259 2895 Mb.
1297 2846 1360 2913 (a.
1397 2845 1459 2911 v.)

877 3036 901 3061 *
923 3038 946 3063 *
984 3036 1181 3085 sessiles.

147 3229 329 3275 2832.
358 3230 423 3276 P.
455 3228 973 3277 alboviolaseens
1010 3224 1068 3275 A.
1104 3233 1159 3273 et
1194 3225 1373 3273 Schw.
1446 3225 1545 3273 Aan
1583 3225 1723 3274 doode
1754 3197 1914 3276 tanen
