2142 3929
1060 371 1107 402 VI

253 533 526 589 indicabant,
563 546 670 595 quas
714 527 843 576 hodie
877 528 1038 593 specics
1074 541 1172 572 vere
1207 521 1428 569 distinctas
1463 526 1505 566 et
1546 520 1730 582 optimas
1762 516 1921 564 saluta-

253 654 378 698 mus3
415 635 522 682 dum
551 640 724 697 propter
753 631 999 695 neglectum
1030 627 1302 690 microscopii
1328 640 1481 681 usum,
1511 621 1803 670 differentiam
1821 637 1926 686 spe-

256 738 426 784 ntficam
463 739 575 781 inter
614 742 699 780 tam
729 731 909 779 subtiles
945 728 1142 793 plantas,
1188 724 1310 773 nudo
1349 724 1474 772 oculo
1506 723 1614 771 adeo
1650 722 1926 791 consimiles,

258 842 330 887 vix
382 853 532 885 eruere
576 840 825 900 potuerunt.
926 830 1093 878 Paucae
1141 831 1320 892 insuper
1367 829 1530 890 species
1579 828 1714 895 hujus
1763 827 1929 876 ordinis

257 943 506 1008 plantarum
536 945 581 989 in
611 955 763 989 eorum
799 926 968 999 scriptis
996 932 1259 980 indicantur.
1328 929 1625 978 Plurimarum
1654 947 1806 979 earum
1832 946 1930 995 cog-

261 1051 474 1094 nitionem
504 1023 739 1091 Ennnamo
774 1037 986 1085 debemus
1004 1051 1017 1096 ς
1063 1051 1202 1099 quum
1237 1035 1283 1079 in
1317 1033 1470 1079 itinere
1497 1049 1576 1096 per
1604 1036 1740 1081 varias
1766 1036 1930 1097 patriae

261 1155 503 1217 provincias
533 1154 646 1215 ipsas
674 1145 848 1210 collegit
879 1152 920 1191 et
950 1141 1143 1188 Gssunsm
1172 1147 1303 1204 atque
1337 1154 1392 1185 m:
1421 1137 1541 1186 Gssun
1572 1139 1688 1184 viam
1711 1141 1931 1183 monstra-

262 1258 347 1312 vit,
386 1269 471 1315 qua
505 1254 666 1314 optime
699 1261 872 1294 muscos
906 1242 1135 1306 indigenos
1169 1240 1380 1304 distingui
1412 1247 1621 1305 possent3
1653 1255 1741 1303 quo
1767 1239 1932 1287 {actum

259 1365 352 1411 est,
385 1363 431 1401 ut
466 1354 538 1398 hic
573 1357 718 1398 auctor
757 1363 837 1394 nec
865 1361 954 1391 non
995 1359 1048 1390 ns
1077 1343 1223 1390 an
1254 1358 1505 1390 muscorum
1531 1343 1627 1406 jam
1658 1342 1934 1405 cognitorum

259 1474 496 1507 numerum
525 1457 646 1502 novis
677 1452 770 1500 aliis
800 1448 1078 1503 adauxerint,
1109 1450 1173 1493 uti
1202 1452 1317 1510 patet
1341 1463 1392 1493 ex
1411 1444 1668 1493 eorumdem
1686 1444 1935 1509 spicilegiis.

259 1558 323 1605 Ex
343 1558 427 1604 hoc
447 1555 548 1602 inde
562 1563 754 1620 tempore
768 1570 868 1600 vero
886 1558 1096 1598 nostrates
1116 1547 1309 1595 studium
1327 1547 1578 1613 plantarum
1597 1549 1936 1611 cryptogamica·

259 1677 361 1707 rum
378 1677 455 1724 per
472 1657 633 1705 multos
653 1672 789 1704 annos
811 1669 985 1719 prorsus
1004 1650 1315 1716 neglexerunt,
1335 1652 1393 1696 ita
1415 1656 1463 1696 ut
1480 1656 1582 1696 ante
1600 1665 1770 1696 annum
1785 1645 1935 1706 1832,

261 1780 349 1827 quo
378 1766 424 1809 in
455 1763 598 1809 lucem
627 1759 786 1825 prodiit
815 1762 953 1823 prima
979 1773 1075 1822 pars
1095 1756 1419 1820 cryptogamica
1437 1752 1610 1800 Florae
1626 1750 1795 1817 Belgii
1813 1749 1938 1815 Sep-

262 1865 593 1921 tentrionalis,
619 1867 759 1910 musci
777 1862 974 1926 indigeni
992 1863 1153 1925 cogniti
1180 1875 1421 1906 numerum
1447 1857 1750 1904 centenarium
1779 1847 1936 1919 parum

262 1968 554 2022 excederent,
604 1970 717 2012 inter
761 1980 871 2028 quos
916 1964 1080 2026 species
1123 1960 1249 2008 valde
1282 1958 1443 2007 dubiae
1478 1966 1521 2006 et
1554 1974 1660 2004 cum
1692 1957 1787 2005 aliis
1817 1965 1937 2006 certo

262 2072 421 2116 certius
457 2074 748 2114 commutatae
787 2065 979 2110 fuerunt.
1051 2061 1116 2108 Cl-
1150 2077 1238 2108 van
1273 2061 1418 2118 Hau,
1455 2059 1627 2118 Μιρῦιιῐ,
1660 2067 1705 2107 et
1738 2060 1936 2120 Bassus,

260 2180 456 2220 auctores
475 2169 552 2230 huj
563 2183 612 2213 us
629 2167 784 2228 operis,
802 2161 894 2210 182
913 2178 1168 2208 muscorum
1184 2162 1348 2224 species
1366 2159 1594 2223 indigenas
1605 2170 1940 2222 annotaverunt,

260 2289 371 2340 quas
401 2271 467 2317 vei
498 2273 581 2334 ipsi
609 2266 898 2330 collegerunt,
938 2264 1006 2312 vel
1035 2281 1087 2312 ex
1110 2239 1323 2311 herbariis
1352 2261 1670 2321 meinnn,
1705 2278 1760 2310 nn
1789 2263 1938 2311 But-:s

264 2384 307 2424 et
341 2391 427 2422 vau
461 2372 605 2420 Smin<
641 2370 927 2426 Venumm,
957 2369 1027 2415 vel
1063 2385 1087 2415 e
1118 2370 1291 2431 scriptis
1325 2374 1522 2414 veterum
1547 2365 1840 2415 floris-tarum
1865 2366 1939 2415 de-

263 2483 540 2543 promserunt
581 2489 771 2538 casque,
823 2471 1066 2527 Butos-mo,
1120 2468 1323 2524 Manno,
1375 2468 1700 2517 Lmnmtnnnelo
1741 2475 1786 2516 et
1829 2467 1943 2516 Cau·

262 2597 420 2632 noluo
453 2577 639 2626 ducibus
660 2613 670 2633 ,
718 2575 995 2639 systematico
1029 2570 1196 2618 ordiue'
1223 2570 1563 2635 disposuerunt,
1609 2546 1790 2636 adjectis
1829 2568 1944 2617 clavi-

263 2684 479 2750 analytica
522 2682 719 2746 generica
764 2686 807 2725 et
847 2676 1047 2741 specifica
1093 2679 1308 2738 variisque
1352 2673 1726 2733 observationibus
1766 2671 1823 2720 dc
1863 2671 1943 2719 ha-

262 2788 390 2845 bitu,
442 2781 665 2833 crescendi
708 2788 750 2829 et
785 2779 1128 2827 fructificationis
1170 2756 1327 2837 modoi
1375 2786 1458 2824 etc.
1544 2774 1684 2836 Quale
1717 2772 1942 2840 judicium

259 2890 457 2937 Botanici
491 2887 625 2934 exteri
657 2882 713 2930 de
746 2890 891 2930 nostra
924 2881 1050 2929 Flora
1084 2879 1334 2945 bryologica
1367 2878 1592 2935 tulerunt,
1637 2893 1727 2925 non
1759 2877 1942 2923 constat.
2009 2883 2017 2887 ’

259 2991 457 3039 Forsitan
491 2988 574 3039 soli
607 2987 826 3035 culturam
861 3002 1039 3035 causam
1070 2985 1352 3043 habuerunt,
1389 2983 1509 3050 quod
1538 2991 1627 3032 tam
1656 2979 1943 3050 flama-eopia

260 3094 499 3143 herbarum
540 3091 767 3139 inutilium
813 3092 861 3135 in
906 3096 1051 3136 nostra
1092 3089 1231 3152 patria
1271 3087 1546 3151 reperiretur.
1622 3083 1788 3132 Notum
1820 3084 1942 3135 enim

220 3262 225 3275 Ι
259 3204 326 3246 est
359 3211 531 3244 muscos
551 3231 562 3253 ,
598 3195 749 3258 paucis
776 3190 1005 3256 speciebus
1033 3191 1249 3254 exceptis,
1282 3188 1427 3236 solum
1466 3183 1942 3247 stercoratumrsugere.

264 3302 380 3351 Dein
414 3316 560 3350 rursus
594 3317 670 3365 per
702 3275 867 3365 aliquot
903 3294 1040 3347 annos
1077 3296 1268 3346 botanici
1302 3301 1513 3343 nostrates
1539 3288 1736 3341 studium
1770 3293 1941 3352 crypto-
