2122 3804
178 256 340 289 PELLIA.

1035 235 1099 282 89
1599 251 1943 283 ιιΑηοιΔΕΝΕΑΕ.

559 465 678 512 Beek
694 502 704 522 ,
742 463 1001 528 Ubbergen‚
1040 462 1229 524 Abe1.;
1267 462 1539 510 Amersfoort
1554 502 1564 520 ‚
1605 464 1635 511 C
1651 482 1675 511 o
1690 483 1743 529 p3
1777 465 1933 512 Groes·

562 550 671 597 beek
689 588 699 607 ,
739 551 832 597 Un.
874 550 895 595 1
915 547 943 596 8
960 547 1067 614 47.;
1107 548 1469 596 Zuid-Beveland
1486 586 1496 606 ,
1535 567 1573 597 V.
1593 549 1634 595 d.
1657 550 1732 608 B.;
1766 551 1931 606 Breda,

562 635 600 680 V
614 654 637 682 e
650 654 671 681 r
684 635 710 681 k
725 645 851 682 oute
865 653 884 681 r
898 653 920 682 e
934 653 979 682 n.
1066 634 1319 682 Boveudien
1341 653 1350 679 :
1390 634 1655 681 Oosterbeek
1677 672 1687 692 ,
1724 635 1932 681 Aarden-

560 720 670 767 hout
688 759 699 778 ,
740 721 771 767 B
788 725 885 767 iise
919 723 965 766 in
990 719 1117 768 herb.
1146 738 1210 784 pr.

476 840 526 888 ῥ’·
554 842 773 907 speciosa
802 840 982 900 Nees.;
1025 836 1253 886 frondibus
1290 839 1429 886 laxius
1464 838 1719 903 repentibus
1756 845 1830 884 aut
1861 836 1936 884 ad·

561 926 874 974 seendentibus
897 963 908 982 ,
946 925 1088 989 longis
1125 924 1343 987 latisque,
1382 924 1638 989 regulariter
1672 933 1714 971 et
1748 922 1936 987 subpal-

561 1014 717 1059 matim
767 1011 1031 1057 dichotomis
1053 1047 1064 1066 ‚
1128 1009 1272 1073 planis
1292 1047 1302 1067 ‚
1379 1012 1576 1073 margine
1627 1007 1936 1073 subrepandis.

562 1096 850 1144 Gottscbe
885 1095 914 1142 l.
945 1095 974 1142 l.
1045 1094 1222 1140 Variat:

630 1217 691 1273 β’(
707 1212 974 1278 longz'folia
1000 1208 1193 1271 Nees.;
1234 1206 1464 1257 frondibus
1491 1214 1536 1256 in
1568 1210 1750 1258 lacinias
1783 1211 1935 1274 longas

715 1300 913 1361 margine
942 1296 1268 1343 inciso-lobatas
1307 1305 1349 1342 et
1375 1296 1560 1342 nudatas
1579 1295 1746 1343 divisis.
1784 1296 1938 1342 Gott-

716 1383 846 1429 sche
876 1382 905 1429 l.
938 1382 967 1429 l.
1000 1401 1042 1446 p.
1069 1379 1180 1429 489.
1244 1380 1578 1428 Brouwerskolk
1607 1381 1649 1428 b.
1683 1381 1938 1438 Overveeu,

717 1468 866 1515 Bfise
900 1470 948 1514 in
972 1467 1098 1514 herb.
1133 1485 1199 1531 pr.

535 1587 585 1626 B.
643 1586 800 1625 Fronde
806 1587 1069 1638 planiuseula
1092 1588 1138 1623 in
1147 1586 1358 1638 plerisque
1380 1591 1519 1623 autem
1538 1587 1727 1638 'margine
1740 1587 1940 1625 undulata

654 1664 728 1696 aut
753 1660 891 1711 erispa
917 1664 1037 1710 atque
1062 1657 1327 1696 adscendente
1354 1658 1556 1710 rigidula.

481 1777 524 1803 a.
553 1764 792 1812 undulata
821 1761 900 1829 (ε.)
931 1764 1114 1825 Nees.;
1153 1764 1460 1828 longiuscula,
1501 1763 1586 1811 late
1623 1764 1799 1812 linearis
1824 1800 1834 1821 ‚
1873 1764 1938 1810 di-

563 1852 798 1908 chotoma,
847 1850 1121 1915 marginibus
1157 1849 1502 1896 horizontalibus
1537 1853 1730 1896 rariusve
1760 1849 1942 1897 adscen-

565 1935 772 1982 dentibus
803 1934 1190 1998 repando-lobatis.
1228 1935 1285 1982 Iu
1314 1937 1439 1999 aquis
1465 1944 1619 1982 erecta.
1659 1934 1940 1982 Gottsche

566 2020 596 2067 l.
627 2020 656 2066 l.
695 2038 736 2084 p.
769 2017 879 2066 489.
951 2019 1007 2065 In
1038 2019 1193 2066 Herb.:
1232 2019 1378 2083 Velp,
1415 2019 1538 2067 Lae.

481 2141 530 2187 β·
560 2141 858 2204 aeruginosa
877 2135 962 2203 (ζ)
998 2138 1111 2184 Nee
1127 2155 1159 2184 s.
1179 2155 1191 2198 3
1216 2141 1387 2196 minor,
1415 2139 1603 2202 simplex
1622 2148 1697 2186 aut
1731 2159 1784 2188 ex
1803 2141 1938 2188 latere

566 2227 946 2289 patenti-ramosa,
967 2222 1052 2269 late
1074 2223 1273 2280 linearis,
1289 2225 1412 2286 apice
1432 2241 1588 2286 parum
1606 2223 1785 2272 dilatata
1800 2263 1810 2282 ‚
1832 2243 1945 2273 mar-

565 2309 745 2375 ginibus
765 2307 1213 2355 undulato-lobulatis
1232 2307 1619 2356 adscendentibus.
1671 2309 1944 2376 Plerumque

565 2396 1070 2461 purpurascenti-virens
1109 2402 1184 2440 aut
1224 2396 1480 2457 aeruginosa
1501 2431 1511 2450 ‚
1550 2394 1818 2461 quandoque
1854 2405 1942 2444 tota

563 2498 800 2545 purpurea.
853 2479 1141 2527 Gottsche
1168 2479 1198 2527 l.
1229 2479 1258 2527 l.
1295 2497 1338 2544 p.
1371 2476 1482 2527 489.
1553 2479 1610 2525 In
1642 2480 1802 2528 }Ierb.:
1835 2480 1945 2528 Am-

565 2566 761 2614 stelveen
777 2604 787 2624 ,
825 2566 861 2614 L
875 2582 951 2614 ac.

474 2682 563 2723 obs.
632 2686 743 2723 Inter
782 2685 996 2737 specimina
1036 2684 1207 2723 occurrit
1246 2690 1452 2737 praeterea
1492 2683 1644 2735 forma,
1686 2699 1808 2739 prope
1851 2688 1943 2741 Velp

420 2753 554 2804 lecta,
598 2767 700 2808 quae
741 2757 896 2795 omnino
934 2757 1115 2794 convenit
1159 2768 1249 2794 cum
1291 2755 1453 2793 Polliae
1487 2756 1717 2807 epiphyllae
1751 2759 1943 2799 varietate

407 2825 647 2878 furcigera.
701 2828 828 2879 Quum
855 2835 988 2866 autem
1016 2827 1272 2866 fructificatio
1300 2824 1571 2872 desideratur,
1602 2825 1745 2866 dubius
1772 2827 1942 2883 haereo,

423 2911 517 2949 num
544 2898 758 2951 specimina
785 2897 857 2936 illa
886 2900 1112 2951 pertineant
1139 2897 1189 2936 ad
1218 2898 1396 2936 Pelliam
1431 2899 1658 2949 calycinam
1685 2899 1719 2936 N
1733 2913 1752 2938 e
1769 2914 1848 2952 es,
1890 2916 1941 2942 an

421 2967 473 3007 ad
511 2970 741 3007 varietatem
784 2982 902 3028 supra
939 2977 1190 3008 memoratam
1229 2967 1437 3008 referenda
1479 2970 1572 3009 sint.
1642 2970 1740 3011 Hinc
1775 2971 1944 3014 ulterius

421 3039 672 3080 observanda.
